Date,Transaction Description,Category,Amount,Balance,Transaction Type,Payment Method,Merchant Category Code,Location,Account Number,Transaction ID,Currency,Notes,Category Confidence Score
2023-06-12 12:21:57.958751,Whole Foods,Groceries,-25.38,4974.62,debit,Check,,Boston,XXXX-XXXX-XXXX-1234,T10000,USD,,0.95
2023-06-12 12:21:57.958751,City Electric,Utilities,-82.45,4892.17,debit,Online Transfer,,Chicago,XXXX-XXXX-XXXX-1234,T10001,USD,,0.83
2023-06-12 12:21:57.958751,Whole Foods,Groceries,58.81,4950.98,credit,Online Transfer,,Houston,XXXX-XXXX-XXXX-1234,T10002,EUR,,0.98
2023-06-13 12:21:57.958751,Target,Shopping,-71.04,4879.94,debit,Cash,,San Francisco,XXXX-XXXX-XXXX-1234,T10003,USD,,0.83
2023-06-13 12:21:57.958751,Best Buy,Electronics,211.15,5091.09,credit,Debit Card,,Chicago,XXXX-XXXX-XXXX-1234,T10004,EUR,,0.86
2023-06-13 12:21:57.958751,Netflix,Entertainment,-20.22,5070.87,debit,Online Transfer,,San Francisco,XXXX-XXXX-XXXX-1234,T10005,USD,,0.94
2023-06-14 12:21:57.958751,Walmart,Groceries,52.23,5123.1,credit,Cash,,Atlanta,XXXX-XXXX-XXXX-1234,T10006,USD,,0.87
2023-06-15 12:21:57.958751,City Electric,Utilities,-71.7,5051.4,debit,Cash,,Miami,XXXX-XXXX-XXXX-1234,T10007,USD,,0.99
2023-06-16 12:21:57.958751,Apple Store,Electronics,-416.99,4634.41,debit,Check,,Seattle,XXXX-XXXX-XXXX-1234,T10008,USD,,0.9
2023-06-16 12:21:57.958751,Costco,Groceries,-14.41,4620.0,debit,Check,,New York,XXXX-XXXX-XXXX-1234,T10009,GBP,,0.86
2023-06-16 12:21:57.958751,Water Utility,Utilities,-5.56,4614.44,debit,Cash,,Atlanta,XXXX-XXXX-XXXX-1234,T10010,USD,,0.71
2023-06-16 12:21:57.958751,CVS Pharmacy,Health,-48.71,4565.73,debit,Check,,Atlanta,XXXX-XXXX-XXXX-1234,T10011,EUR,,0.82
2023-06-17 12:21:57.958751,Target,Shopping,194.61,4760.34,transfer,Online Transfer,,Seattle,XXXX-XXXX-XXXX-1234,T10012,EUR,,0.79
2023-06-18 12:21:57.958751,Whole Foods,Groceries,-56.79,4703.55,debit,Credit Card,,Atlanta,XXXX-XXXX-XXXX-1234,T10013,USD,,0.92
2023-06-19 12:21:57.958751,Amazon,Shopping,-74.84,4628.71,debit,Online Transfer,,Houston,XXXX-XXXX-XXXX-1234,T10014,USD,,0.76
2023-06-19 12:21:57.958751,Costco,Groceries,38.83,4667.54,credit,Cash,,Houston,XXXX-XXXX-XXXX-1234,T10015,USD,,0.76
2023-06-20 12:21:57.958751,Walmart,Groceries,70.61,4738.15,credit,Cash,,Denver,XXXX-XXXX-XXXX-1234,T10016,USD,,0.76
2023-06-20 12:21:57.958751,Walmart,Groceries,-118.72,4619.43,debit,Online Transfer,,Denver,XXXX-XXXX-XXXX-1234,T10017,USD,,0.74
2023-06-21 12:21:57.958751,Starbucks,Coffee,-5.36,4614.07,debit,Check,,Houston,XXXX-XXXX-XXXX-1234,T10018,USD,,0.79
2023-06-21 12:21:57.958751,Airbnb,Travel,-26.09,4587.98,debit,Check,,Los Angeles,XXXX-XXXX-XXXX-1234,T10019,USD,,0.97
2023-06-23 12:21:57.958751,Airbnb,Travel,-368.63,4219.35,debit,Cash,,Miami,XXXX-XXXX-XXXX-1234,T10020,USD,,0.93
2023-06-23 12:21:57.958751,Target,Shopping,145.81,4365.16,credit,Debit Card,,San Francisco,XXXX-XXXX-XXXX-1234,T10021,USD,,0.92
2023-06-24 12:21:57.958751,Whole Foods,Groceries,-5.41,4359.75,fee,Check,,Miami,XXXX-XXXX-XXXX-1234,T10022,USD,,0.94
2023-06-25 12:21:57.958751,Apple Store,Electronics,201.27,4561.02,credit,Online Transfer,,Boston,XXXX-XXXX-XXXX-1234,T10023,USD,,0.78
2023-06-26 12:21:57.958751,CVS Pharmacy,Health,34.15,4595.17,credit,Check,,Atlanta,XXXX-XXXX-XXXX-1234,T10024,EUR,,0.97
2023-06-26 12:21:57.958751,Walmart,Groceries,-36.72,4558.45,debit,Online Transfer,,New York,XXXX-XXXX-XXXX-1234,T10025,USD,,0.74
2023-06-26 12:21:57.958751,Apple Store,Electronics,229.67,4788.12,credit,Cash,,Atlanta,XXXX-XXXX-XXXX-1234,T10026,USD,,0.8
2023-06-27 12:21:57.958751,Apple Store,Electronics,188.35,4976.47,credit,Check,,Miami,XXXX-XXXX-XXXX-1234,T10027,EUR,,0.88
2023-06-28 12:21:57.958751,Local Bookstore,Shopping,-38.21,4938.26,debit,Online Transfer,,Houston,XXXX-XXXX-XXXX-1234,T10028,USD,,0.73
2023-06-29 12:21:57.958751,CVS Pharmacy,Health,43.83,4982.09,credit,Cash,,Seattle,XXXX-XXXX-XXXX-1234,T10029,USD,,0.92
2023-06-30 12:21:57.958751,Shell Gas,Fuel,-36.35,4945.74,debit,Debit Card,,Boston,XXXX-XXXX-XXXX-1234,T10030,USD,,0.82
2023-07-01 12:21:57.958751,McDonald's,Dining,-15.64,4930.1,debit,Online Transfer,,Houston,XXXX-XXXX-XXXX-1234,T10031,USD,,0.94
2023-07-02 12:21:57.958751,Spotify,Entertainment,18.37,4948.47,credit,Debit Card,,Miami,XXXX-XXXX-XXXX-1234,T10032,USD,,0.85
2023-07-02 12:21:57.958751,Water Utility,Utilities,-17.99,4930.48,debit,Debit Card,,Seattle,XXXX-XXXX-XXXX-1234,T10033,USD,,0.75
2023-07-03 12:21:57.958751,Airbnb,Travel,-339.48,4591.0,debit,Credit Card,,New York,XXXX-XXXX-XXXX-1234,T10034,USD,,0.92
2023-07-03 12:21:57.958751,Airbnb,Travel,-237.65,4353.35,debit,Check,,Miami,XXXX-XXXX-XXXX-1234,T10035,USD,,0.78
2023-07-04 12:21:57.958751,Uber,Transport,-27.99,4325.36,debit,Online Transfer,,San Francisco,XXXX-XXXX-XXXX-1234,T10036,EUR,,0.85
2023-07-04 12:21:57.958751,Airbnb,Travel,509.95,4835.31,transfer,Debit Card,,Chicago,XXXX-XXXX-XXXX-1234,T10037,EUR,,0.72
2023-07-06 12:21:57.958751,CVS Pharmacy,Health,-58.98,4776.33,debit,Credit Card,,Seattle,XXXX-XXXX-XXXX-1234,T10038,USD,,0.89
2023-07-06 12:21:57.958751,Local Bookstore,Shopping,-18.36,4757.97,debit,Cash,,Miami,XXXX-XXXX-XXXX-1234,T10039,EUR,,0.9
2023-07-07 12:21:57.958751,Netflix,Entertainment,19.06,4777.03,credit,Online Transfer,,Houston,XXXX-XXXX-XXXX-1234,T10040,USD,,0.81
2023-07-07 12:21:57.958751,Starbucks,Coffee,-3.65,4773.38,debit,Debit Card,,San Francisco,XXXX-XXXX-XXXX-1234,T10041,USD,,0.99
2023-07-08 12:21:57.958751,Best Buy,Electronics,-212.42,4560.96,debit,Check,,Los Angeles,XXXX-XXXX-XXXX-1234,T10042,EUR,,0.96
2023-07-09 12:21:57.958751,Starbucks,Coffee,-6.77,4554.19,debit,Credit Card,,Seattle,XXXX-XXXX-XXXX-1234,T10043,USD,,0.91
2023-07-09 12:21:57.958751,City Electric,Utilities,94.97,4649.16,credit,Debit Card,,San Francisco,XXXX-XXXX-XXXX-1234,T10044,USD,,0.91
2023-07-09 12:21:57.958751,Starbucks,Coffee,-2.47,4646.69,debit,Check,,Houston,XXXX-XXXX-XXXX-1234,T10045,USD,,0.78
2023-07-09 12:21:57.958751,Best Buy,Electronics,-149.88,4496.81,debit,Debit Card,,Miami,XXXX-XXXX-XXXX-1234,T10046,USD,,0.9
2023-07-10 12:21:57.958751,Amazon,Shopping,-171.33,4325.48,debit,Online Transfer,,Atlanta,XXXX-XXXX-XXXX-1234,T10047,EUR,,0.76
2023-07-14 12:21:57.958751,CVS Pharmacy,Health,-40.76,4284.72,debit,Online Transfer,,New York,XXXX-XXXX-XXXX-1234,T10048,EUR,,0.74
2023-07-14 12:21:57.958751,Airbnb,Travel,-426.05,3858.67,debit,Online Transfer,,Atlanta,XXXX-XXXX-XXXX-1234,T10049,EUR,,1.0
2023-07-15 12:21:57.958751,Airbnb,Travel,-337.54,3521.13,debit,Credit Card,,Chicago,XXXX-XXXX-XXXX-1234,T10050,EUR,,0.89
2023-07-15 12:21:57.958751,Local Bookstore,Shopping,-140.46,3380.67,debit,Online Transfer,,San Francisco,XXXX-XXXX-XXXX-1234,T10051,USD,,0.83
2023-07-16 12:21:57.958751,Uber,Transport,27.03,3407.7,credit,Check,,Chicago,XXXX-XXXX-XXXX-1234,T10052,USD,,0.79
2023-07-16 12:21:57.958751,Local Bookstore,Shopping,-61.62,3346.08,debit,Debit Card,,New York,XXXX-XXXX-XXXX-1234,T10053,USD,,0.88
2023-07-17 12:21:57.958751,Netflix,Entertainment,21.44,3367.52,credit,Cash,,San Francisco,XXXX-XXXX-XXXX-1234,T10054,USD,,0.71
2023-07-17 12:21:57.958751,Netflix,Entertainment,10.88,3378.4,refund,Check,,Denver,XXXX-XXXX-XXXX-1234,T10055,USD,,0.73
2023-07-18 12:21:57.958751,Walmart,Groceries,46.29,3424.69,credit,Check,,Houston,XXXX-XXXX-XXXX-1234,T10056,GBP,,0.71
2023-07-18 12:21:57.958751,Uber,Transport,-17.8,3406.89,debit,Online Transfer,,San Francisco,XXXX-XXXX-XXXX-1234,T10057,USD,,0.85
2023-07-18 12:21:57.958751,Local Bookstore,Shopping,-91.84,3315.05,debit,Credit Card,,Houston,XXXX-XXXX-XXXX-1234,T10058,USD,,0.88
2023-07-19 12:21:57.958751,Airbnb,Travel,-542.97,2772.08,debit,Debit Card,,Atlanta,XXXX-XXXX-XXXX-1234,T10059,USD,,0.72
2023-07-20 12:21:57.958751,Spotify,Entertainment,-19.22,2752.86,debit,Credit Card,,Boston,XXXX-XXXX-XXXX-1234,T10060,USD,,0.92
2023-07-20 12:21:57.958751,Gym Membership,Health,-11.83,2741.03,debit,Debit Card,,Seattle,XXXX-XXXX-XXXX-1234,T10061,EUR,,0.77
2023-07-20 12:21:57.958751,Best Buy,Electronics,-298.74,2442.29,transfer,Debit Card,,Boston,XXXX-XXXX-XXXX-1234,T10062,USD,,0.91
2023-07-20 12:21:57.958751,Best Buy,Electronics,247.56,2689.85,credit,Credit Card,,Miami,XXXX-XXXX-XXXX-1234,T10063,USD,,0.99
2023-07-21 12:21:57.958751,Starbucks,Coffee,-4.07,2685.78,debit,Check,,Seattle,XXXX-XXXX-XXXX-1234,T10064,EUR,,0.91
2023-07-22 12:21:57.958751,Gym Membership,Health,-6.93,2678.85,debit,Debit Card,,Seattle,XXXX-XXXX-XXXX-1234,T10065,USD,,0.96
2023-07-22 12:21:57.958751,Uber,Transport,27.02,2705.87,credit,Credit Card,,Los Angeles,XXXX-XXXX-XXXX-1234,T10066,USD,,0.98
2023-07-22 12:21:57.958751,Shell Gas,Fuel,-49.37,2656.5,debit,Debit Card,,Seattle,XXXX-XXXX-XXXX-1234,T10067,USD,,0.85
2023-07-23 12:21:57.958751,Netflix,Entertainment,-13.97,2642.53,debit,Cash,,New York,XXXX-XXXX-XXXX-1234,T10068,EUR,,0.91
2023-07-24 12:21:57.958751,Starbucks,Coffee,6.59,2649.12,credit,Check,,Boston,XXXX-XXXX-XXXX-1234,T10069,USD,,0.96
2023-07-24 12:21:57.958751,Apple Store,Electronics,-141.32,2507.8,debit,Online Transfer,,Atlanta,XXXX-XXXX-XXXX-1234,T10070,EUR,,0.81
2023-07-27 12:21:57.958751,Starbucks,Coffee,-7.49,2500.31,debit,Debit Card,,Houston,XXXX-XXXX-XXXX-1234,T10071,EUR,,0.78
2023-07-27 12:21:57.958751,Shell Gas,Fuel,-11.13,2489.18,debit,Cash,,Miami,XXXX-XXXX-XXXX-1234,T10072,USD,,0.98
2023-07-28 12:21:57.958751,Amazon,Shopping,124.24,2613.42,credit,Online Transfer,,Seattle,XXXX-XXXX-XXXX-1234,T10073,GBP,,0.92
2023-07-28 12:21:57.958751,Spotify,Entertainment,-25.12,2588.3,debit,Online Transfer,,Miami,XXXX-XXXX-XXXX-1234,T10074,EUR,,0.77
2023-07-28 12:21:57.958751,Apple Store,Electronics,-349.77,2238.53,debit,Debit Card,,Atlanta,XXXX-XXXX-XXXX-1234,T10075,EUR,,0.83
2023-07-28 12:21:57.958751,Spotify,Entertainment,-13.26,2225.27,debit,Credit Card,,Miami,XXXX-XXXX-XXXX-1234,T10076,EUR,,0.94
2023-07-29 12:21:57.958751,Starbucks,Coffee,-1.68,2223.59,debit,Debit Card,,Atlanta,XXXX-XXXX-XXXX-1234,T10077,USD,,0.86
2023-07-29 12:21:57.958751,Netflix,Entertainment,-25.25,2198.34,debit,Cash,,Seattle,XXXX-XXXX-XXXX-1234,T10078,USD,,0.89
2023-07-30 12:21:57.958751,McDonald's,Dining,23.69,2222.03,credit,Online Transfer,,Atlanta,XXXX-XXXX-XXXX-1234,T10079,USD,,0.93
2023-08-01 12:21:57.958751,Best Buy,Electronics,-184.1,2037.93,debit,Debit Card,,Seattle,XXXX-XXXX-XXXX-1234,T10080,USD,,0.89
2023-08-01 12:21:57.958751,Shell Gas,Fuel,37.29,2075.22,credit,Credit Card,,Los Angeles,XXXX-XXXX-XXXX-1234,T10081,USD,,0.86
2023-08-01 12:21:57.958751,McDonald's,Dining,-7.5,2067.72,debit,Debit Card,,Los Angeles,XXXX-XXXX-XXXX-1234,T10082,EUR,,0.92
2023-08-03 12:21:57.958751,Gym Membership,Health,-44.87,2022.85,debit,Check,,Atlanta,XXXX-XXXX-XXXX-1234,T10083,EUR,,0.92
2023-08-03 12:21:57.958751,Best Buy,Electronics,-266.99,1755.86,debit,Credit Card,,Los Angeles,XXXX-XXXX-XXXX-1234,T10084,USD,,0.89
2023-08-03 12:21:57.958751,Airbnb,Travel,-330.23,1425.63,debit,Cash,,Houston,XXXX-XXXX-XXXX-1234,T10085,EUR,,0.81
2023-08-03 12:21:57.958751,Apple Store,Electronics,-123.6,1302.03,debit,Online Transfer,,Houston,XXXX-XXXX-XXXX-1234,T10086,EUR,,0.82
2023-08-04 12:21:57.958751,Best Buy,Electronics,-93.5,1208.53,debit,Debit Card,,Los Angeles,XXXX-XXXX-XXXX-1234,T10087,USD,,0.99
2023-08-04 12:21:57.958751,Shell Gas,Fuel,-11.36,1197.17,debit,Credit Card,,Los Angeles,XXXX-XXXX-XXXX-1234,T10088,USD,,0.73
2023-08-04 12:21:57.958751,Costco,Groceries,-35.99,1161.18,debit,Check,,Denver,XXXX-XXXX-XXXX-1234,T10089,USD,,0.78
2023-08-06 12:21:57.958751,McDonald's,Dining,-9.94,1151.24,debit,Credit Card,,Denver,XXXX-XXXX-XXXX-1234,T10090,EUR,,0.85
2023-08-06 12:21:57.958751,Amazon,Shopping,68.72,1219.96,credit,Check,,Seattle,XXXX-XXXX-XXXX-1234,T10091,USD,,0.95
2023-08-08 12:21:57.958751,Local Bookstore,Shopping,135.29,1355.25,transfer,Cash,,Atlanta,XXXX-XXXX-XXXX-1234,T10092,USD,,0.75
2023-08-08 12:21:57.958751,Local Bookstore,Shopping,-167.83,1187.42,debit,Online Transfer,,Chicago,XXXX-XXXX-XXXX-1234,T10093,USD,,0.78
2023-08-08 12:21:57.958751,Shell Gas,Fuel,-35.99,1151.43,debit,Cash,,Chicago,XXXX-XXXX-XXXX-1234,T10094,EUR,,0.72
2023-08-08 12:21:57.958751,Shell Gas,Fuel,-44.64,1106.79,debit,Debit Card,,Los Angeles,XXXX-XXXX-XXXX-1234,T10095,EUR,,0.91
2023-08-09 12:21:57.958751,Target,Shopping,-157.3,949.49,debit,Credit Card,,Miami,XXXX-XXXX-XXXX-1234,T10096,EUR,,0.77
2023-08-11 12:21:57.958751,Apple Store,Electronics,-122.26,827.23,debit,Check,,Los Angeles,XXXX-XXXX-XXXX-1234,T10097,GBP,,0.82
2023-08-12 12:21:57.958751,Gym Membership,Health,58.37,885.6,credit,Check,,Denver,XXXX-XXXX-XXXX-1234,T10098,EUR,,0.83
2023-08-13 12:21:57.958751,Target,Shopping,-23.48,862.12,debit,Credit Card,,Seattle,XXXX-XXXX-XXXX-1234,T10099,GBP,,0.97
2023-08-13 12:21:57.958751,Spotify,Entertainment,-27.22,834.9,debit,Credit Card,,Los Angeles,XXXX-XXXX-XXXX-1234,T10100,GBP,,0.82
2023-08-15 12:21:57.958751,Airbnb,Travel,326.46,1161.36,credit,Debit Card,,Boston,XXXX-XXXX-XXXX-1234,T10101,EUR,,0.74
2023-08-15 12:21:57.958751,Netflix,Entertainment,-13.18,1148.18,debit,Cash,,Miami,XXXX-XXXX-XXXX-1234,T10102,USD,,0.86
2023-08-17 12:21:57.958751,Netflix,Entertainment,9.49,1157.67,credit,Check,,Boston,XXXX-XXXX-XXXX-1234,T10103,USD,,0.99
2023-08-19 12:21:57.958751,Airbnb,Travel,-231.78,925.89,debit,Debit Card,,Seattle,XXXX-XXXX-XXXX-1234,T10104,USD,,0.88
2023-08-19 12:21:57.958751,Best Buy,Electronics,-96.02,829.87,debit,Cash,,Seattle,XXXX-XXXX-XXXX-1234,T10105,USD,,1.0
2023-08-19 12:21:57.958751,CVS Pharmacy,Health,-24.37,805.5,debit,Debit Card,,Houston,XXXX-XXXX-XXXX-1234,T10106,USD,,0.95
2023-08-20 12:21:57.958751,Target,Shopping,-93.13,712.37,debit,Check,,San Francisco,XXXX-XXXX-XXXX-1234,T10107,USD,,0.71
2023-08-22 12:21:57.958751,Costco,Groceries,-14.79,697.58,fee,Credit Card,,Boston,XXXX-XXXX-XXXX-1234,T10108,GBP,,0.9
2023-08-22 12:21:57.958751,McDonald's,Dining,-22.08,675.5,debit,Credit Card,,Houston,XXXX-XXXX-XXXX-1234,T10109,EUR,,0.79
2023-08-23 12:21:57.958751,Airbnb,Travel,-11.54,663.96,fee,Cash,,Denver,XXXX-XXXX-XXXX-1234,T10110,EUR,,0.87
2023-08-24 12:21:57.958751,Water Utility,Utilities,-33.92,630.04,debit,Online Transfer,,New York,XXXX-XXXX-XXXX-1234,T10111,USD,,0.78
2023-08-25 12:21:57.958751,Starbucks,Coffee,-2.8,627.24,debit,Cash,,Miami,XXXX-XXXX-XXXX-1234,T10112,USD,,0.8
2023-08-25 12:21:57.958751,Best Buy,Electronics,-379.87,247.37,debit,Online Transfer,,New York,XXXX-XXXX-XXXX-1234,T10113,USD,,0.98
2023-08-25 12:21:57.958751,Airbnb,Travel,-189.72,57.65,debit,Debit Card,,Atlanta,XXXX-XXXX-XXXX-1234,T10114,USD,,0.76
2023-08-26 12:21:57.958751,Target,Shopping,-232.81,-175.16,transfer,Debit Card,,Denver,XXXX-XXXX-XXXX-1234,T10115,USD,,0.96
2023-08-26 12:21:57.958751,Costco,Groceries,-52.98,-228.14,debit,Check,,Denver,XXXX-XXXX-XXXX-1234,T10116,USD,,0.71
2023-08-28 12:21:57.958751,Costco,Groceries,-48.33,-276.47,debit,Online Transfer,,New York,XXXX-XXXX-XXXX-1234,T10117,GBP,,0.73
2023-08-28 12:21:57.958751,Shell Gas,Fuel,-45.81,-322.28,debit,Check,,Boston,XXXX-XXXX-XXXX-1234,T10118,EUR,,0.96
2023-08-28 12:21:57.958751,Delta Airlines,Travel,-245.9,-568.18,debit,Credit Card,,San Francisco,XXXX-XXXX-XXXX-1234,T10119,USD,,0.89
2023-08-30 12:21:57.958751,Shell Gas,Fuel,-73.24,-641.42,debit,Online Transfer,,Boston,XXXX-XXXX-XXXX-1234,T10120,USD,,0.92
2023-08-31 12:21:57.958751,Apple Store,Electronics,-205.28,-846.7,debit,Cash,,New York,XXXX-XXXX-XXXX-1234,T10121,USD,,0.76
2023-08-31 12:21:57.958751,Apple Store,Electronics,249.01,-597.69,credit,Credit Card,,Atlanta,XXXX-XXXX-XXXX-1234,T10122,USD,,0.86
2023-08-31 12:21:57.958751,Airbnb,Travel,-5.63,-603.32,debit,Credit Card,,Boston,XXXX-XXXX-XXXX-1234,T10123,GBP,,0.92
2023-09-02 12:21:57.958751,Spotify,Entertainment,-14.2,-617.52,debit,Cash,,Chicago,XXXX-XXXX-XXXX-1234,T10124,USD,,0.89
2023-09-04 12:21:57.958751,City Electric,Utilities,-118.1,-735.62,debit,Credit Card,,Boston,XXXX-XXXX-XXXX-1234,T10125,USD,,0.84
2023-09-05 12:21:57.958751,Whole Foods,Groceries,-63.89,-799.51,debit,Online Transfer,,Seattle,XXXX-XXXX-XXXX-1234,T10126,USD,,0.99
2023-09-05 12:21:57.958751,Local Bookstore,Shopping,6.89,-792.62,refund,Check,,Houston,XXXX-XXXX-XXXX-1234,T10127,USD,,0.9
2023-09-05 12:21:57.958751,CVS Pharmacy,Health,-27.13,-819.75,debit,Credit Card,,Miami,XXXX-XXXX-XXXX-1234,T10128,USD,,0.97
2023-09-07 12:21:57.958751,Airbnb,Travel,-559.78,-1379.53,debit,Online Transfer,,Boston,XXXX-XXXX-XXXX-1234,T10129,EUR,,0.92
2023-09-09 12:21:57.958751,Whole Foods,Groceries,-46.23,-1425.76,debit,Debit Card,,San Francisco,XXXX-XXXX-XXXX-1234,T10130,USD,,0.92
2023-09-09 12:21:57.958751,Target,Shopping,-116.12,-1541.88,debit,Online Transfer,,San Francisco,XXXX-XXXX-XXXX-1234,T10131,USD,,0.72
2023-09-09 12:21:57.958751,Starbucks,Coffee,-9.05,-1550.93,debit,Check,,Boston,XXXX-XXXX-XXXX-1234,T10132,USD,,0.81
2023-09-10 12:21:57.958751,CVS Pharmacy,Health,-9.23,-1560.16,fee,Online Transfer,,Los Angeles,XXXX-XXXX-XXXX-1234,T10133,USD,,0.96
2023-09-11 12:21:57.958751,Apple Store,Electronics,287.46,-1272.7,credit,Cash,,Denver,XXXX-XXXX-XXXX-1234,T10134,EUR,,0.77
2023-09-11 12:21:57.958751,CVS Pharmacy,Health,20.38,-1252.32,refund,Check,,Boston,XXXX-XXXX-XXXX-1234,T10135,USD,,0.73
2023-09-12 12:21:57.958751,Shell Gas,Fuel,-52.5,-1304.82,debit,Debit Card,,Denver,XXXX-XXXX-XXXX-1234,T10136,USD,,0.8
2023-09-13 12:21:57.958751,Starbucks,Coffee,-5.95,-1310.77,debit,Cash,,Chicago,XXXX-XXXX-XXXX-1234,T10137,USD,,0.77
2023-09-14 12:21:57.958751,Local Bookstore,Shopping,-72.62,-1383.39,debit,Online Transfer,,New York,XXXX-XXXX-XXXX-1234,T10138,USD,,0.98
2023-09-14 12:21:57.958751,Airbnb,Travel,-232.83,-1616.22,debit,Check,,Chicago,XXXX-XXXX-XXXX-1234,T10139,USD,,0.96
2023-09-15 12:21:57.958751,Best Buy,Electronics,188.73,-1427.49,credit,Debit Card,,Boston,XXXX-XXXX-XXXX-1234,T10140,USD,,0.85
2023-09-15 12:21:57.958751,Best Buy,Electronics,-36.03,-1463.52,debit,Cash,,San Francisco,XXXX-XXXX-XXXX-1234,T10141,USD,,0.72
2023-09-15 12:21:57.958751,Whole Foods,Groceries,78.67,-1384.85,credit,Debit Card,,Los Angeles,XXXX-XXXX-XXXX-1234,T10142,EUR,,0.91
2023-09-17 12:21:57.958751,Whole Foods,Groceries,60.15,-1324.7,credit,Online Transfer,,Atlanta,XXXX-XXXX-XXXX-1234,T10143,USD,,0.89
2023-09-18 12:21:57.958751,Spotify,Entertainment,-23.96,-1348.66,debit,Debit Card,,Denver,XXXX-XXXX-XXXX-1234,T10144,GBP,,0.99
2023-09-18 12:21:57.958751,Gym Membership,Health,-62.39,-1411.05,debit,Credit Card,,Houston,XXXX-XXXX-XXXX-1234,T10145,USD,,0.87
2023-09-18 12:21:57.958751,Whole Foods,Groceries,-51.34,-1462.39,debit,Cash,,Denver,XXXX-XXXX-XXXX-1234,T10146,GBP,,0.8
2023-09-18 12:21:57.958751,Walmart,Groceries,-17.16,-1479.55,debit,Debit Card,,Seattle,XXXX-XXXX-XXXX-1234,T10147,EUR,,0.86
2023-09-18 12:21:57.958751,Gym Membership,Health,39.94,-1439.61,credit,Online Transfer,,Miami,XXXX-XXXX-XXXX-1234,T10148,USD,,0.99
2023-09-18 12:21:57.958751,Target,Shopping,-66.44,-1506.05,debit,Online Transfer,,Boston,XXXX-XXXX-XXXX-1234,T10149,EUR,,0.91
2023-09-18 12:21:57.958751,Netflix,Entertainment,-0.15,-1506.2,debit,Debit Card,,Chicago,XXXX-XXXX-XXXX-1234,T10150,USD,,0.9
2023-09-18 12:21:57.958751,Amazon,Shopping,-74.91,-1581.11,debit,Online Transfer,,Houston,XXXX-XXXX-XXXX-1234,T10151,GBP,,0.77
2023-09-19 12:21:57.958751,Uber,Transport,12.14,-1568.97,refund,Check,,San Francisco,XXXX-XXXX-XXXX-1234,T10152,USD,,0.92
2023-09-19 12:21:57.958751,Water Utility,Utilities,-50.88,-1619.85,debit,Check,,San Francisco,XXXX-XXXX-XXXX-1234,T10153,USD,,0.93
2023-09-22 12:21:57.958751,Amazon,Shopping,96.85,-1523.0,credit,Check,,San Francisco,XXXX-XXXX-XXXX-1234,T10154,USD,,0.8
2023-09-22 12:21:57.958751,City Electric,Utilities,-27.09,-1550.09,debit,Credit Card,,Atlanta,XXXX-XXXX-XXXX-1234,T10155,GBP,,0.85
2023-09-22 12:21:57.958751,Target,Shopping,125.88,-1424.21,credit,Debit Card,,Seattle,XXXX-XXXX-XXXX-1234,T10156,USD,,0.79
2023-09-23 12:21:57.958751,Costco,Groceries,88.04,-1336.17,credit,Credit Card,,San Francisco,XXXX-XXXX-XXXX-1234,T10157,USD,,0.78
2023-09-23 12:21:57.958751,Local Bookstore,Shopping,-163.93,-1500.1,debit,Online Transfer,,San Francisco,XXXX-XXXX-XXXX-1234,T10158,EUR,,0.71
2023-09-24 12:21:57.958751,Uber,Transport,-33.17,-1533.27,debit,Credit Card,,Boston,XXXX-XXXX-XXXX-1234,T10159,EUR,,0.79
2023-09-25 12:21:57.958751,Gym Membership,Health,49.09,-1484.18,credit,Online Transfer,,Seattle,XXXX-XXXX-XXXX-1234,T10160,USD,,0.87
2023-09-25 12:21:57.958751,Netflix,Entertainment,-14.01,-1498.19,debit,Online Transfer,,Los Angeles,XXXX-XXXX-XXXX-1234,T10161,USD,,0.7
2023-09-25 12:21:57.958751,Starbucks,Coffee,3.29,-1494.9,credit,Cash,,Los Angeles,XXXX-XXXX-XXXX-1234,T10162,USD,,0.78
2023-09-26 12:21:57.958751,City Electric,Utilities,-61.15,-1556.05,debit,Check,,Seattle,XXXX-XXXX-XXXX-1234,T10163,USD,,0.96
2023-09-26 12:21:57.958751,Target,Shopping,90.92,-1465.13,credit,Online Transfer,,Miami,XXXX-XXXX-XXXX-1234,T10164,USD,,0.88
2023-09-28 12:21:57.958751,Water Utility,Utilities,93.48,-1371.65,credit,Cash,,Atlanta,XXXX-XXXX-XXXX-1234,T10165,GBP,,0.88
2023-09-28 12:21:57.958751,City Electric,Utilities,106.5,-1265.15,transfer,Check,,Houston,XXXX-XXXX-XXXX-1234,T10166,USD,,0.82
2023-09-30 12:21:57.958751,Uber,Transport,-36.71,-1301.86,debit,Online Transfer,,Denver,XXXX-XXXX-XXXX-1234,T10167,USD,,0.9
2023-09-30 12:21:57.958751,City Electric,Utilities,-10.95,-1312.81,debit,Online Transfer,,Boston,XXXX-XXXX-XXXX-1234,T10168,USD,,0.76
2023-09-30 12:21:57.958751,Gym Membership,Health,-81.16,-1393.97,debit,Credit Card,,New York,XXXX-XXXX-XXXX-1234,T10169,USD,,0.95
2023-10-01 12:21:57.958751,Whole Foods,Groceries,-72.33,-1466.3,debit,Credit Card,,Los Angeles,XXXX-XXXX-XXXX-1234,T10170,USD,,0.74
2023-10-02 12:21:57.958751,City Electric,Utilities,-65.42,-1531.72,debit,Check,,Seattle,XXXX-XXXX-XXXX-1234,T10171,USD,,0.9
2023-10-02 12:21:57.958751,Gym Membership,Health,-29.64,-1561.36,debit,Online Transfer,,Houston,XXXX-XXXX-XXXX-1234,T10172,USD,,0.8
2023-10-02 12:21:57.958751,Airbnb,Travel,426.11,-1135.25,credit,Debit Card,,Seattle,XXXX-XXXX-XXXX-1234,T10173,GBP,,0.92
2023-10-02 12:21:57.958751,City Electric,Utilities,-100.39,-1235.64,debit,Credit Card,,Denver,XXXX-XXXX-XXXX-1234,T10174,USD,,0.86
2023-10-04 12:21:57.958751,Uber,Transport,-27.28,-1262.92,debit,Check,,Houston,XXXX-XXXX-XXXX-1234,T10175,GBP,,0.84
2023-10-05 12:21:57.958751,Starbucks,Coffee,-5.03,-1267.95,debit,Online Transfer,,Los Angeles,XXXX-XXXX-XXXX-1234,T10176,EUR,,0.75
2023-10-06 12:21:57.958751,McDonald's,Dining,-25.61,-1293.56,debit,Online Transfer,,San Francisco,XXXX-XXXX-XXXX-1234,T10177,USD,,0.89
2023-10-06 12:21:57.958751,Local Bookstore,Shopping,-12.91,-1306.47,debit,Debit Card,,Seattle,XXXX-XXXX-XXXX-1234,T10178,EUR,,0.99
2023-10-07 12:21:57.958751,Local Bookstore,Shopping,-8.14,-1314.61,fee,Check,,New York,XXXX-XXXX-XXXX-1234,T10179,USD,,0.95
2023-10-07 12:21:57.958751,City Electric,Utilities,105.01,-1209.6,transfer,Online Transfer,,Los Angeles,XXXX-XXXX-XXXX-1234,T10180,USD,,0.72
2023-10-07 12:21:57.958751,McDonald's,Dining,-2.93,-1212.53,debit,Credit Card,,Chicago,XXXX-XXXX-XXXX-1234,T10181,EUR,,0.81
2023-10-07 12:21:57.958751,Delta Airlines,Travel,-348.69,-1561.22,debit,Debit Card,,New York,XXXX-XXXX-XXXX-1234,T10182,USD,,0.98
2023-10-08 12:21:57.958751,Airbnb,Travel,348.65,-1212.57,credit,Check,,Miami,XXXX-XXXX-XXXX-1234,T10183,USD,,0.85
2023-10-09 12:21:57.958751,Local Bookstore,Shopping,-127.7,-1340.27,debit,Debit Card,,Atlanta,XXXX-XXXX-XXXX-1234,T10184,EUR,,0.9
2023-10-09 12:21:57.958751,Water Utility,Utilities,-107.17,-1447.44,debit,Credit Card,,Los Angeles,XXXX-XXXX-XXXX-1234,T10185,USD,,0.97
2023-10-10 12:21:57.958751,Starbucks,Coffee,-8.08,-1455.52,debit,Check,,San Francisco,XXXX-XXXX-XXXX-1234,T10186,USD,,0.96
2023-10-11 12:21:57.958751,CVS Pharmacy,Health,-40.9,-1496.42,debit,Debit Card,,Los Angeles,XXXX-XXXX-XXXX-1234,T10187,GBP,,0.85
2023-10-11 12:21:57.958751,Local Bookstore,Shopping,-47.68,-1544.1,debit,Cash,,Denver,XXXX-XXXX-XXXX-1234,T10188,USD,,0.83
2023-10-12 12:21:57.958751,Best Buy,Electronics,-14.93,-1559.03,debit,Credit Card,,Houston,XXXX-XXXX-XXXX-1234,T10189,USD,,0.8
2023-10-13 12:21:57.958751,Water Utility,Utilities,-44.07,-1603.1,debit,Credit Card,,Seattle,XXXX-XXXX-XXXX-1234,T10190,USD,,0.92
2023-10-14 12:21:57.958751,Amazon,Shopping,-216.67,-1819.77,transfer,Credit Card,,Houston,XXXX-XXXX-XXXX-1234,T10191,USD,,0.79
2023-10-15 12:21:57.958751,City Electric,Utilities,-42.87,-1862.64,debit,Cash,,Houston,XXXX-XXXX-XXXX-1234,T10192,USD,,0.77
2023-10-15 12:21:57.958751,Water Utility,Utilities,64.66,-1797.98,credit,Cash,,Los Angeles,XXXX-XXXX-XXXX-1234,T10193,GBP,,0.81
2023-10-15 12:21:57.958751,Netflix,Entertainment,16.85,-1781.13,credit,Online Transfer,,Denver,XXXX-XXXX-XXXX-1234,T10194,USD,,0.75
2023-10-16 12:21:57.958751,Local Bookstore,Shopping,-73.1,-1854.23,debit,Debit Card,,Seattle,XXXX-XXXX-XXXX-1234,T10195,USD,,0.91
2023-10-17 12:21:57.958751,Shell Gas,Fuel,-55.96,-1910.19,debit,Online Transfer,,Seattle,XXXX-XXXX-XXXX-1234,T10196,EUR,,0.88
2023-10-18 12:21:57.958751,Starbucks,Coffee,-0.35,-1910.54,debit,Debit Card,,Houston,XXXX-XXXX-XXXX-1234,T10197,EUR,,0.84
2023-10-19 12:21:57.958751,Airbnb,Travel,-306.82,-2217.36,debit,Cash,,Miami,XXXX-XXXX-XXXX-1234,T10198,USD,,0.82
2023-10-20 12:21:57.958751,Uber,Transport,34.19,-2183.17,credit,Cash,,Atlanta,XXXX-XXXX-XXXX-1234,T10199,USD,,0.97
2023-10-20 12:21:57.958751,Walmart,Groceries,-96.42,-2279.59,debit,Online Transfer,,Denver,XXXX-XXXX-XXXX-1234,T10200,USD,,0.71
2023-10-20 12:21:57.958751,Spotify,Entertainment,6.05,-2273.54,refund,Check,,Miami,XXXX-XXXX-XXXX-1234,T10201,USD,,0.93
2023-10-21 12:21:57.958751,Spotify,Entertainment,-17.43,-2290.97,debit,Online Transfer,,Boston,XXXX-XXXX-XXXX-1234,T10202,USD,,0.97
2023-10-22 12:21:57.958751,Local Bookstore,Shopping,-9.81,-2300.78,debit,Debit Card,,Boston,XXXX-XXXX-XXXX-1234,T10203,USD,,0.83
2023-10-22 12:21:57.958751,CVS Pharmacy,Health,-6.86,-2307.64,debit,Online Transfer,,New York,XXXX-XXXX-XXXX-1234,T10204,GBP,,0.87
2023-10-23 12:21:57.958751,Amazon,Shopping,-142.24,-2449.88,debit,Credit Card,,Houston,XXXX-XXXX-XXXX-1234,T10205,EUR,,0.98
2023-10-24 12:21:57.958751,Starbucks,Coffee,-4.99,-2454.87,debit,Debit Card,,Seattle,XXXX-XXXX-XXXX-1234,T10206,USD,,0.76
2023-10-24 12:21:57.958751,Water Utility,Utilities,-119.19,-2574.06,debit,Debit Card,,Los Angeles,XXXX-XXXX-XXXX-1234,T10207,USD,,0.86
2023-10-26 12:21:57.958751,Uber,Transport,-7.83,-2581.89,debit,Check,,Seattle,XXXX-XXXX-XXXX-1234,T10208,USD,,0.84
2023-10-27 12:21:57.958751,Airbnb,Travel,-377.99,-2959.88,debit,Cash,,Seattle,XXXX-XXXX-XXXX-1234,T10209,USD,,0.78
2023-10-28 12:21:57.958751,Starbucks,Coffee,-19.34,-2979.22,fee,Debit Card,,San Francisco,XXXX-XXXX-XXXX-1234,T10210,USD,,0.95
2023-10-28 12:21:57.958751,Walmart,Groceries,-60.49,-3039.71,debit,Cash,,Seattle,XXXX-XXXX-XXXX-1234,T10211,EUR,,0.97
2023-10-29 12:21:57.958751,Airbnb,Travel,384.89,-2654.82,credit,Online Transfer,,New York,XXXX-XXXX-XXXX-1234,T10212,USD,,0.93
2023-11-01 12:21:57.958751,Best Buy,Electronics,240.51,-2414.31,credit,Credit Card,,Miami,XXXX-XXXX-XXXX-1234,T10213,USD,,0.76
2023-11-01 12:21:57.958751,Apple Store,Electronics,317.74,-2096.57,transfer,Check,,Boston,XXXX-XXXX-XXXX-1234,T10214,EUR,,0.73
2023-11-02 12:21:57.958751,Walmart,Groceries,-2.5,-2099.07,debit,Cash,,Seattle,XXXX-XXXX-XXXX-1234,T10215,USD,,0.88
2023-11-02 12:21:57.958751,Local Bookstore,Shopping,102.0,-1997.07,credit,Debit Card,,Seattle,XXXX-XXXX-XXXX-1234,T10216,USD,,0.72
2023-11-02 12:21:57.958751,Starbucks,Coffee,-7.75,-2004.82,debit,Cash,,San Francisco,XXXX-XXXX-XXXX-1234,T10217,USD,,0.9
2023-11-02 12:21:57.958751,Best Buy,Electronics,-109.96,-2114.78,debit,Debit Card,,Denver,XXXX-XXXX-XXXX-1234,T10218,USD,,0.86
2023-11-03 12:21:57.958751,Airbnb,Travel,-388.82,-2503.6,debit,Cash,,Los Angeles,XXXX-XXXX-XXXX-1234,T10219,GBP,,0.9
2023-11-03 12:21:57.958751,Amazon,Shopping,95.48,-2408.12,credit,Debit Card,,Denver,XXXX-XXXX-XXXX-1234,T10220,USD,,0.88
2023-11-03 12:21:57.958751,Walmart,Groceries,-69.39,-2477.51,debit,Online Transfer,,Los Angeles,XXXX-XXXX-XXXX-1234,T10221,USD,,0.83
2023-11-04 12:21:57.958751,CVS Pharmacy,Health,38.88,-2438.63,credit,Debit Card,,Atlanta,XXXX-XXXX-XXXX-1234,T10222,USD,,0.76
2023-11-04 12:21:57.958751,CVS Pharmacy,Health,-29.11,-2467.74,debit,Debit Card,,Seattle,XXXX-XXXX-XXXX-1234,T10223,GBP,,0.79
2023-11-05 12:21:57.958751,Target,Shopping,121.63,-2346.11,credit,Credit Card,,San Francisco,XXXX-XXXX-XXXX-1234,T10224,USD,,0.86
2023-11-06 12:21:57.958751,Delta Airlines,Travel,69.39,-2276.72,refund,Debit Card,,Chicago,XXXX-XXXX-XXXX-1234,T10225,USD,,0.9
2023-11-07 12:21:57.958751,Shell Gas,Fuel,-59.44,-2336.16,debit,Credit Card,,Houston,XXXX-XXXX-XXXX-1234,T10226,USD,,0.93
2023-11-08 12:21:57.958751,Gym Membership,Health,26.62,-2309.54,refund,Check,,Boston,XXXX-XXXX-XXXX-1234,T10227,USD,,0.93
2023-11-09 12:21:57.958751,Apple Store,Electronics,-164.0,-2473.54,debit,Credit Card,,Miami,XXXX-XXXX-XXXX-1234,T10228,USD,,0.99
2023-11-09 12:21:57.958751,CVS Pharmacy,Health,-44.17,-2517.71,debit,Online Transfer,,Boston,XXXX-XXXX-XXXX-1234,T10229,USD,,0.79
2023-11-10 12:21:57.958751,Delta Airlines,Travel,-416.84,-2934.55,debit,Credit Card,,Miami,XXXX-XXXX-XXXX-1234,T10230,USD,,0.72
2023-11-11 12:21:57.958751,Water Utility,Utilities,-71.58,-3006.13,debit,Check,,Atlanta,XXXX-XXXX-XXXX-1234,T10231,USD,,0.8
2023-11-12 12:21:57.958751,Uber,Transport,-11.15,-3017.28,debit,Online Transfer,,Denver,XXXX-XXXX-XXXX-1234,T10232,EUR,,0.92
2023-11-12 12:21:57.958751,Spotify,Entertainment,-26.96,-3044.24,debit,Cash,,New York,XXXX-XXXX-XXXX-1234,T10233,USD,,0.83
2023-11-13 12:21:57.958751,Uber,Transport,-20.09,-3064.33,debit,Cash,,Seattle,XXXX-XXXX-XXXX-1234,T10234,USD,,0.95
2023-11-15 12:21:57.958751,Starbucks,Coffee,-5.98,-3070.31,transfer,Credit Card,,Chicago,XXXX-XXXX-XXXX-1234,T10235,USD,,0.86
2023-11-16 12:21:57.958751,Local Bookstore,Shopping,108.57,-2961.74,credit,Credit Card,,Miami,XXXX-XXXX-XXXX-1234,T10236,GBP,,0.98
2023-11-18 12:21:57.958751,Delta Airlines,Travel,409.16,-2552.58,credit,Check,,Houston,XXXX-XXXX-XXXX-1234,T10237,USD,,0.98
2023-11-18 12:21:57.958751,Local Bookstore,Shopping,97.49,-2455.09,credit,Check,,Miami,XXXX-XXXX-XXXX-1234,T10238,EUR,,0.72
2023-11-18 12:21:57.958751,Shell Gas,Fuel,33.04,-2422.05,credit,Debit Card,,New York,XXXX-XXXX-XXXX-1234,T10239,EUR,,0.84
2023-11-19 12:21:57.958751,Water Utility,Utilities,-4.22,-2426.27,debit,Check,,Boston,XXXX-XXXX-XXXX-1234,T10240,USD,,0.88
2023-11-19 12:21:57.958751,Amazon,Shopping,-70.18,-2496.45,debit,Debit Card,,San Francisco,XXXX-XXXX-XXXX-1234,T10241,GBP,,0.78
2023-11-19 12:21:57.958751,Starbucks,Coffee,8.93,-2487.52,credit,Online Transfer,,Boston,XXXX-XXXX-XXXX-1234,T10242,USD,,0.82
2023-11-20 12:21:57.958751,Best Buy,Electronics,-227.11,-2714.63,debit,Credit Card,,Atlanta,XXXX-XXXX-XXXX-1234,T10243,USD,,0.9
2023-11-21 12:21:57.958751,Apple Store,Electronics,-293.96,-3008.59,debit,Online Transfer,,San Francisco,XXXX-XXXX-XXXX-1234,T10244,EUR,,0.77
2023-11-21 12:21:57.958751,Gym Membership,Health,-19.25,-3027.84,debit,Check,,Boston,XXXX-XXXX-XXXX-1234,T10245,EUR,,0.88
2023-11-23 12:21:57.958751,Target,Shopping,-21.33,-3049.17,debit,Online Transfer,,Houston,XXXX-XXXX-XXXX-1234,T10246,USD,,0.91
2023-11-24 12:21:57.958751,Spotify,Entertainment,-5.84,-3055.01,debit,Online Transfer,,Boston,XXXX-XXXX-XXXX-1234,T10247,USD,,0.73
2023-11-25 12:21:57.958751,Amazon,Shopping,-95.14,-3150.15,debit,Online Transfer,,Houston,XXXX-XXXX-XXXX-1234,T10248,USD,,0.85
2023-11-25 12:21:57.958751,Walmart,Groceries,-0.15,-3150.3,debit,Check,,Houston,XXXX-XXXX-XXXX-1234,T10249,EUR,,0.78
2023-11-26 12:21:57.958751,Costco,Groceries,-24.84,-3175.14,debit,Online Transfer,,San Francisco,XXXX-XXXX-XXXX-1234,T10250,USD,,0.92
2023-11-26 12:21:57.958751,Gym Membership,Health,-24.74,-3199.88,debit,Debit Card,,Denver,XXXX-XXXX-XXXX-1234,T10251,USD,,0.76
2023-11-26 12:21:57.958751,Apple Store,Electronics,-67.91,-3267.79,debit,Check,,Los Angeles,XXXX-XXXX-XXXX-1234,T10252,USD,,0.97
2023-11-28 12:21:57.958751,Apple Store,Electronics,112.58,-3155.21,credit,Online Transfer,,Seattle,XXXX-XXXX-XXXX-1234,T10253,USD,,0.83
2023-11-29 12:21:57.958751,Netflix,Entertainment,-17.17,-3172.38,debit,Check,,Miami,XXXX-XXXX-XXXX-1234,T10254,EUR,,0.76
2023-11-30 12:21:57.958751,Whole Foods,Groceries,-51.15,-3223.53,debit,Cash,,Los Angeles,XXXX-XXXX-XXXX-1234,T10255,USD,,0.83
2023-11-30 12:21:57.958751,Amazon,Shopping,143.37,-3080.16,credit,Debit Card,,New York,XXXX-XXXX-XXXX-1234,T10256,GBP,,0.82
2023-12-01 12:21:57.958751,Costco,Groceries,-22.24,-3102.4,debit,Online Transfer,,Denver,XXXX-XXXX-XXXX-1234,T10257,USD,,0.83
2023-12-01 12:21:57.958751,Walmart,Groceries,-69.0,-3171.4,debit,Cash,,Los Angeles,XXXX-XXXX-XXXX-1234,T10258,EUR,,0.88
2023-12-01 12:21:57.958751,Gym Membership,Health,-61.76,-3233.16,debit,Cash,,San Francisco,XXXX-XXXX-XXXX-1234,T10259,USD,,0.86
2023-12-02 12:21:57.958751,Costco,Groceries,63.93,-3169.23,credit,Check,,New York,XXXX-XXXX-XXXX-1234,T10260,USD,,0.74
2023-12-04 12:21:57.958751,City Electric,Utilities,-52.13,-3221.36,debit,Cash,,Chicago,XXXX-XXXX-XXXX-1234,T10261,USD,,0.72
2023-12-05 12:21:57.958751,Spotify,Entertainment,-16.09,-3237.45,debit,Debit Card,,Denver,XXXX-XXXX-XXXX-1234,T10262,USD,,0.92
2023-12-05 12:21:57.958751,CVS Pharmacy,Health,35.09,-3202.36,credit,Debit Card,,Los Angeles,XXXX-XXXX-XXXX-1234,T10263,USD,,0.87
2023-12-06 12:21:57.958751,City Electric,Utilities,-44.09,-3246.45,debit,Credit Card,,New York,XXXX-XXXX-XXXX-1234,T10264,GBP,,0.81
2023-12-08 12:21:57.958751,Water Utility,Utilities,-100.62,-3347.07,debit,Debit Card,,Chicago,XXXX-XXXX-XXXX-1234,T10265,USD,,0.94
2023-12-09 12:21:57.958751,Local Bookstore,Shopping,-93.05,-3440.12,debit,Cash,,Boston,XXXX-XXXX-XXXX-1234,T10266,USD,,0.82
2023-12-10 12:21:57.958751,City Electric,Utilities,-120.19,-3560.31,debit,Debit Card,,New York,XXXX-XXXX-XXXX-1234,T10267,USD,,0.94
2023-12-11 12:21:57.958751,CVS Pharmacy,Health,-27.26,-3587.57,debit,Check,,San Francisco,XXXX-XXXX-XXXX-1234,T10268,USD,,0.79
2023-12-12 12:21:57.958751,Whole Foods,Groceries,-41.47,-3629.04,debit,Credit Card,,Boston,XXXX-XXXX-XXXX-1234,T10269,USD,,0.72
2023-12-12 12:21:57.958751,Airbnb,Travel,309.01,-3320.03,credit,Cash,,San Francisco,XXXX-XXXX-XXXX-1234,T10270,EUR,,0.98
2023-12-14 12:21:57.958751,Amazon,Shopping,-43.99,-3364.02,debit,Credit Card,,Los Angeles,XXXX-XXXX-XXXX-1234,T10271,GBP,,0.82
2023-12-15 12:21:57.958751,McDonald's,Dining,-28.14,-3392.16,debit,Cash,,Seattle,XXXX-XXXX-XXXX-1234,T10272,USD,,0.94
2023-12-16 12:21:57.958751,Uber,Transport,-52.32,-3444.48,debit,Check,,Los Angeles,XXXX-XXXX-XXXX-1234,T10273,USD,,0.78
2023-12-17 12:21:57.958751,Whole Foods,Groceries,-40.44,-3484.92,debit,Credit Card,,Boston,XXXX-XXXX-XXXX-1234,T10274,USD,,0.89
2023-12-18 12:21:57.958751,Target,Shopping,-65.98,-3550.9,debit,Online Transfer,,Houston,XXXX-XXXX-XXXX-1234,T10275,USD,,0.96
2023-12-18 12:21:57.958751,CVS Pharmacy,Health,34.17,-3516.73,credit,Cash,,Los Angeles,XXXX-XXXX-XXXX-1234,T10276,USD,,0.71
2023-12-18 12:21:57.958751,Shell Gas,Fuel,-26.41,-3543.14,debit,Online Transfer,,Boston,XXXX-XXXX-XXXX-1234,T10277,USD,,0.95
2023-12-18 12:21:57.958751,McDonald's,Dining,33.9,-3509.24,credit,Credit Card,,New York,XXXX-XXXX-XXXX-1234,T10278,USD,,0.87
2023-12-18 12:21:57.958751,Amazon,Shopping,98.45,-3410.79,credit,Online Transfer,,Atlanta,XXXX-XXXX-XXXX-1234,T10279,USD,,0.88
2023-12-19 12:21:57.958751,Apple Store,Electronics,-141.47,-3552.26,debit,Online Transfer,,Los Angeles,XXXX-XXXX-XXXX-1234,T10280,EUR,,0.86
2023-12-19 12:21:57.958751,Target,Shopping,82.79,-3469.47,credit,Credit Card,,New York,XXXX-XXXX-XXXX-1234,T10281,USD,,0.96
2023-12-20 12:21:57.958751,Netflix,Entertainment,-17.2,-3486.67,debit,Check,,San Francisco,XXXX-XXXX-XXXX-1234,T10282,USD,,0.71
2023-12-20 12:21:57.958751,Water Utility,Utilities,-72.48,-3559.15,debit,Online Transfer,,Denver,XXXX-XXXX-XXXX-1234,T10283,USD,,0.78
2023-12-20 12:21:57.958751,Spotify,Entertainment,-6.47,-3565.62,debit,Online Transfer,,Seattle,XXXX-XXXX-XXXX-1234,T10284,USD,,0.96
2023-12-20 12:21:57.958751,Shell Gas,Fuel,-22.14,-3587.76,debit,Check,,San Francisco,XXXX-XXXX-XXXX-1234,T10285,GBP,,0.93
2023-12-22 12:21:57.958751,Whole Foods,Groceries,-88.32,-3676.08,debit,Online Transfer,,San Francisco,XXXX-XXXX-XXXX-1234,T10286,EUR,,0.71
2023-12-22 12:21:57.958751,Netflix,Entertainment,-15.25,-3691.33,debit,Online Transfer,,Boston,XXXX-XXXX-XXXX-1234,T10287,EUR,,0.86
2023-12-23 12:21:57.958751,Amazon,Shopping,-105.08,-3796.41,debit,Online Transfer,,Houston,XXXX-XXXX-XXXX-1234,T10288,USD,,0.86
2023-12-23 12:21:57.958751,City Electric,Utilities,-78.96,-3875.37,debit,Debit Card,,Miami,XXXX-XXXX-XXXX-1234,T10289,EUR,,0.82
2023-12-23 12:21:57.958751,Apple Store,Electronics,-339.46,-4214.83,debit,Check,,Atlanta,XXXX-XXXX-XXXX-1234,T10290,USD,,0.79
2023-12-24 12:21:57.958751,Netflix,Entertainment,14.66,-4200.17,transfer,Online Transfer,,Houston,XXXX-XXXX-XXXX-1234,T10291,EUR,,0.9
2023-12-24 12:21:57.958751,Costco,Groceries,69.69,-4130.48,credit,Check,,Boston,XXXX-XXXX-XXXX-1234,T10292,USD,,0.76
2023-12-26 12:21:57.958751,Spotify,Entertainment,-5.44,-4135.92,debit,Cash,,Seattle,XXXX-XXXX-XXXX-1234,T10293,GBP,,0.94
2023-12-29 12:21:57.958751,Netflix,Entertainment,-10.36,-4146.28,debit,Cash,,Atlanta,XXXX-XXXX-XXXX-1234,T10294,GBP,,0.94
2023-12-29 12:21:57.958751,Airbnb,Travel,312.92,-3833.36,credit,Online Transfer,,Atlanta,XXXX-XXXX-XXXX-1234,T10295,EUR,,0.82
2023-12-29 12:21:57.958751,Amazon,Shopping,115.05,-3718.31,credit,Check,,Boston,XXXX-XXXX-XXXX-1234,T10296,USD,,0.79
2023-12-30 12:21:57.958751,Costco,Groceries,76.24,-3642.07,credit,Check,,Chicago,XXXX-XXXX-XXXX-1234,T10297,USD,,0.79
2023-12-31 12:21:57.958751,McDonald's,Dining,-31.4,-3673.47,debit,Check,,San Francisco,XXXX-XXXX-XXXX-1234,T10298,EUR,,0.84
2023-12-31 12:21:57.958751,Uber,Transport,-56.24,-3729.71,debit,Debit Card,,Denver,XXXX-XXXX-XXXX-1234,T10299,USD,,0.92
2024-01-01 12:21:57.958751,Spotify,Entertainment,-2.02,-3731.73,debit,Cash,,Chicago,XXXX-XXXX-XXXX-1234,T10300,EUR,,0.81
2024-01-02 12:21:57.958751,McDonald's,Dining,-10.76,-3742.49,debit,Check,,Boston,XXXX-XXXX-XXXX-1234,T10301,USD,,0.88
2024-01-03 12:21:57.958751,City Electric,Utilities,130.82,-3611.67,credit,Check,,Chicago,XXXX-XXXX-XXXX-1234,T10302,USD,,0.81
2024-01-04 12:21:57.958751,CVS Pharmacy,Health,23.09,-3588.58,credit,Debit Card,,Denver,XXXX-XXXX-XXXX-1234,T10303,GBP,,0.79
2024-01-04 12:21:57.958751,Amazon,Shopping,-189.56,-3778.14,debit,Debit Card,,Boston,XXXX-XXXX-XXXX-1234,T10304,USD,,0.71
2024-01-05 12:21:57.958751,Target,Shopping,124.42,-3653.72,credit,Check,,Boston,XXXX-XXXX-XXXX-1234,T10305,USD,,0.7
2024-01-09 12:21:57.958751,Starbucks,Coffee,-5.46,-3659.18,debit,Credit Card,,Atlanta,XXXX-XXXX-XXXX-1234,T10306,USD,,0.77
2024-01-10 12:21:57.958751,Local Bookstore,Shopping,-36.01,-3695.19,debit,Check,,Chicago,XXXX-XXXX-XXXX-1234,T10307,USD,,0.82
2024-01-11 12:21:57.958751,Shell Gas,Fuel,-30.98,-3726.17,debit,Check,,New York,XXXX-XXXX-XXXX-1234,T10308,EUR,,0.96
2024-01-12 12:21:57.958751,Local Bookstore,Shopping,-237.37,-3963.54,transfer,Debit Card,,Los Angeles,XXXX-XXXX-XXXX-1234,T10309,USD,,0.94
2024-01-12 12:21:57.958751,Target,Shopping,-97.63,-4061.17,debit,Debit Card,,Boston,XXXX-XXXX-XXXX-1234,T10310,GBP,,0.78
2024-01-13 12:21:57.958751,Airbnb,Travel,212.67,-3848.5,transfer,Check,,Chicago,XXXX-XXXX-XXXX-1234,T10311,EUR,,0.77
2024-01-14 12:21:57.958751,Target,Shopping,106.51,-3741.99,credit,Check,,Miami,XXXX-XXXX-XXXX-1234,T10312,USD,,0.77
2024-01-14 12:21:57.958751,Shell Gas,Fuel,-43.07,-3785.06,debit,Check,,Seattle,XXXX-XXXX-XXXX-1234,T10313,EUR,,0.8
2024-01-14 12:21:57.958751,City Electric,Utilities,-147.83,-3932.89,debit,Debit Card,,Miami,XXXX-XXXX-XXXX-1234,T10314,USD,,0.85
2024-01-14 12:21:57.958751,Uber,Transport,15.47,-3917.42,credit,Check,,Chicago,XXXX-XXXX-XXXX-1234,T10315,USD,,0.83
2024-01-15 12:21:57.958751,Airbnb,Travel,-238.85,-4156.27,debit,Check,,San Francisco,XXXX-XXXX-XXXX-1234,T10316,GBP,,0.77
2024-01-15 12:21:57.958751,Walmart,Groceries,29.16,-4127.11,transfer,Online Transfer,,San Francisco,XXXX-XXXX-XXXX-1234,T10317,USD,,0.74
2024-01-17 12:21:57.958751,Amazon,Shopping,-196.3,-4323.41,transfer,Credit Card,,Chicago,XXXX-XXXX-XXXX-1234,T10318,USD,,0.7
2024-01-17 12:21:57.958751,Best Buy,Electronics,-50.22,-4373.63,debit,Cash,,Atlanta,XXXX-XXXX-XXXX-1234,T10319,USD,,0.75
2024-01-17 12:21:57.958751,Apple Store,Electronics,-260.47,-4634.1,debit,Credit Card,,Atlanta,XXXX-XXXX-XXXX-1234,T10320,USD,,0.91
2024-01-17 12:21:57.958751,Starbucks,Coffee,6.75,-4627.35,transfer,Online Transfer,,Boston,XXXX-XXXX-XXXX-1234,T10321,USD,,0.77
2024-01-20 12:21:57.958751,Shell Gas,Fuel,-46.15,-4673.5,debit,Cash,,Denver,XXXX-XXXX-XXXX-1234,T10322,EUR,,0.84
2024-01-20 12:21:57.958751,Best Buy,Electronics,-117.54,-4791.04,debit,Check,,Los Angeles,XXXX-XXXX-XXXX-1234,T10323,USD,,0.88
2024-01-20 12:21:57.958751,Gym Membership,Health,-39.84,-4830.88,debit,Online Transfer,,Boston,XXXX-XXXX-XXXX-1234,T10324,USD,,0.97
2024-01-21 12:21:57.958751,Local Bookstore,Shopping,-159.77,-4990.65,debit,Check,,Miami,XXXX-XXXX-XXXX-1234,T10325,USD,,0.97
2024-01-22 12:21:57.958751,Walmart,Groceries,95.2,-4895.45,transfer,Debit Card,,Los Angeles,XXXX-XXXX-XXXX-1234,T10326,USD,,0.92
2024-01-22 12:21:57.958751,Gym Membership,Health,35.52,-4859.93,credit,Online Transfer,,Miami,XXXX-XXXX-XXXX-1234,T10327,USD,,0.71
2024-01-22 12:21:57.958751,Target,Shopping,-135.8,-4995.73,debit,Debit Card,,Atlanta,XXXX-XXXX-XXXX-1234,T10328,USD,,0.87
2024-01-22 12:21:57.958751,City Electric,Utilities,-54.42,-5050.15,debit,Online Transfer,,Chicago,XXXX-XXXX-XXXX-1234,T10329,USD,,0.94
2024-01-23 12:21:57.958751,McDonald's,Dining,-1.04,-5051.19,debit,Online Transfer,,Denver,XXXX-XXXX-XXXX-1234,T10330,USD,,0.71
2024-01-24 12:21:57.958751,Target,Shopping,119.77,-4931.42,credit,Debit Card,,Miami,XXXX-XXXX-XXXX-1234,T10331,USD,,0.86
2024-01-24 12:21:57.958751,Amazon,Shopping,-76.48,-5007.9,debit,Cash,,Atlanta,XXXX-XXXX-XXXX-1234,T10332,USD,,0.96
2024-01-25 12:21:57.958751,Whole Foods,Groceries,-9.38,-5017.28,debit,Credit Card,,Denver,XXXX-XXXX-XXXX-1234,T10333,GBP,,0.84
2024-01-26 12:21:57.958751,Amazon,Shopping,-109.57,-5126.85,debit,Check,,Boston,XXXX-XXXX-XXXX-1234,T10334,GBP,,0.7
2024-01-26 12:21:57.958751,Whole Foods,Groceries,-27.66,-5154.51,debit,Online Transfer,,Chicago,XXXX-XXXX-XXXX-1234,T10335,USD,,0.7
2024-01-26 12:21:57.958751,Whole Foods,Groceries,76.97,-5077.54,transfer,Check,,Seattle,XXXX-XXXX-XXXX-1234,T10336,GBP,,0.82
2024-01-27 12:21:57.958751,Airbnb,Travel,-458.09,-5535.63,debit,Debit Card,,San Francisco,XXXX-XXXX-XXXX-1234,T10337,EUR,,0.75
2024-01-27 12:21:57.958751,City Electric,Utilities,-38.64,-5574.27,debit,Check,,Houston,XXXX-XXXX-XXXX-1234,T10338,USD,,0.9
2024-01-28 12:21:57.958751,Starbucks,Coffee,-4.8,-5579.07,debit,Debit Card,,Denver,XXXX-XXXX-XXXX-1234,T10339,USD,,0.91
2024-01-28 12:21:57.958751,Target,Shopping,67.78,-5511.29,refund,Check,,Seattle,XXXX-XXXX-XXXX-1234,T10340,EUR,,0.75
2024-01-28 12:21:57.958751,Airbnb,Travel,-354.18,-5865.47,debit,Credit Card,,Seattle,XXXX-XXXX-XXXX-1234,T10341,EUR,,0.97
2024-01-28 12:21:57.958751,Spotify,Entertainment,-18.19,-5883.66,debit,Credit Card,,Denver,XXXX-XXXX-XXXX-1234,T10342,USD,,0.83
2024-01-30 12:21:57.958751,Uber,Transport,-38.85,-5922.51,debit,Credit Card,,Seattle,XXXX-XXXX-XXXX-1234,T10343,EUR,,0.74
2024-01-30 12:21:57.958751,Walmart,Groceries,53.91,-5868.6,credit,Credit Card,,Miami,XXXX-XXXX-XXXX-1234,T10344,USD,,0.93
2024-01-30 12:21:57.958751,Walmart,Groceries,-34.58,-5903.18,debit,Credit Card,,Seattle,XXXX-XXXX-XXXX-1234,T10345,EUR,,0.94
2024-01-30 12:21:57.958751,Water Utility,Utilities,-96.6,-5999.78,debit,Credit Card,,Atlanta,XXXX-XXXX-XXXX-1234,T10346,GBP,,0.89
2024-01-30 12:21:57.958751,Apple Store,Electronics,-185.06,-6184.84,debit,Debit Card,,Los Angeles,XXXX-XXXX-XXXX-1234,T10347,USD,,0.96
2024-01-30 12:21:57.958751,Costco,Groceries,76.83,-6108.01,credit,Online Transfer,,Miami,XXXX-XXXX-XXXX-1234,T10348,EUR,,0.92
2024-01-31 12:21:57.958751,Costco,Groceries,-59.24,-6167.25,debit,Check,,Seattle,XXXX-XXXX-XXXX-1234,T10349,USD,,0.96
2024-02-01 12:21:57.958751,Local Bookstore,Shopping,101.3,-6065.95,credit,Credit Card,,Boston,XXXX-XXXX-XXXX-1234,T10350,USD,,0.83
2024-02-02 12:21:57.958751,Netflix,Entertainment,-17.54,-6083.49,debit,Debit Card,,San Francisco,XXXX-XXXX-XXXX-1234,T10351,EUR,,0.92
2024-02-03 12:21:57.958751,Amazon,Shopping,-54.87,-6138.36,debit,Debit Card,,Chicago,XXXX-XXXX-XXXX-1234,T10352,USD,,1.0
2024-02-05 12:21:57.958751,Costco,Groceries,-73.67,-6212.03,debit,Debit Card,,Seattle,XXXX-XXXX-XXXX-1234,T10353,USD,,0.92
2024-02-05 12:21:57.958751,Local Bookstore,Shopping,78.09,-6133.94,credit,Online Transfer,,New York,XXXX-XXXX-XXXX-1234,T10354,USD,,0.73
2024-02-07 12:21:57.958751,Apple Store,Electronics,-322.21,-6456.15,debit,Check,,San Francisco,XXXX-XXXX-XXXX-1234,T10355,USD,,0.86
2024-02-08 12:21:57.958751,Costco,Groceries,64.81,-6391.34,credit,Online Transfer,,Boston,XXXX-XXXX-XXXX-1234,T10356,USD,,0.88
2024-02-08 12:21:57.958751,City Electric,Utilities,86.3,-6305.04,credit,Cash,,Atlanta,XXXX-XXXX-XXXX-1234,T10357,EUR,,0.75
2024-02-09 12:21:57.958751,City Electric,Utilities,-103.63,-6408.67,debit,Debit Card,,Seattle,XXXX-XXXX-XXXX-1234,T10358,USD,,0.99
2024-02-09 12:21:57.958751,Spotify,Entertainment,20.3,-6388.37,credit,Cash,,Atlanta,XXXX-XXXX-XXXX-1234,T10359,USD,,0.75
2024-02-10 12:21:57.958751,City Electric,Utilities,119.93,-6268.44,credit,Credit Card,,Seattle,XXXX-XXXX-XXXX-1234,T10360,USD,,0.75
2024-02-12 12:21:57.958751,Best Buy,Electronics,-332.11,-6600.55,debit,Credit Card,,Houston,XXXX-XXXX-XXXX-1234,T10361,EUR,,0.97
2024-02-13 12:21:57.958751,Costco,Groceries,-58.81,-6659.36,debit,Online Transfer,,Los Angeles,XXXX-XXXX-XXXX-1234,T10362,GBP,,0.84
2024-02-13 12:21:57.958751,Delta Airlines,Travel,-319.23,-6978.59,transfer,Check,,Atlanta,XXXX-XXXX-XXXX-1234,T10363,GBP,,0.72
2024-02-15 12:21:57.958751,Local Bookstore,Shopping,-137.98,-7116.57,debit,Cash,,Los Angeles,XXXX-XXXX-XXXX-1234,T10364,EUR,,0.88
2024-02-15 12:21:57.958751,Airbnb,Travel,432.73,-6683.84,credit,Check,,San Francisco,XXXX-XXXX-XXXX-1234,T10365,EUR,,0.88
2024-02-16 12:21:57.958751,City Electric,Utilities,-3.18,-6687.02,fee,Online Transfer,,Houston,XXXX-XXXX-XXXX-1234,T10366,USD,,0.72
2024-02-17 12:21:57.958751,Apple Store,Electronics,-241.93,-6928.95,debit,Credit Card,,Chicago,XXXX-XXXX-XXXX-1234,T10367,USD,,0.99
2024-02-18 12:21:57.958751,Delta Airlines,Travel,-480.53,-7409.48,debit,Check,,Miami,XXXX-XXXX-XXXX-1234,T10368,USD,,0.86
2024-02-18 12:21:57.958751,Netflix,Entertainment,-17.57,-7427.05,debit,Check,,Los Angeles,XXXX-XXXX-XXXX-1234,T10369,EUR,,0.87
2024-02-19 12:21:57.958751,Airbnb,Travel,-282.65,-7709.7,debit,Credit Card,,Houston,XXXX-XXXX-XXXX-1234,T10370,GBP,,0.86
2024-02-19 12:21:57.958751,Water Utility,Utilities,-117.74,-7827.44,debit,Cash,,Los Angeles,XXXX-XXXX-XXXX-1234,T10371,USD,,0.88
2024-02-19 12:21:57.958751,Costco,Groceries,-32.64,-7860.08,debit,Credit Card,,Denver,XXXX-XXXX-XXXX-1234,T10372,GBP,,0.78
2024-02-19 12:21:57.958751,Best Buy,Electronics,-47.02,-7907.1,debit,Check,,Boston,XXXX-XXXX-XXXX-1234,T10373,USD,,0.79
2024-02-19 12:21:57.958751,Whole Foods,Groceries,56.99,-7850.11,credit,Cash,,Chicago,XXXX-XXXX-XXXX-1234,T10374,USD,,0.85
2024-02-19 12:21:57.958751,McDonald's,Dining,27.21,-7822.9,credit,Cash,,Boston,XXXX-XXXX-XXXX-1234,T10375,USD,,0.94
2024-02-20 12:21:57.958751,Best Buy,Electronics,-303.89,-8126.79,debit,Credit Card,,Seattle,XXXX-XXXX-XXXX-1234,T10376,USD,,0.71
2024-02-20 12:21:57.958751,Spotify,Entertainment,-18.98,-8145.77,debit,Check,,Los Angeles,XXXX-XXXX-XXXX-1234,T10377,USD,,0.88
2024-02-20 12:21:57.958751,Delta Airlines,Travel,-425.37,-8571.14,debit,Online Transfer,,Seattle,XXXX-XXXX-XXXX-1234,T10378,USD,,0.94
2024-02-22 12:21:57.958751,Uber,Transport,-38.07,-8609.21,debit,Check,,New York,XXXX-XXXX-XXXX-1234,T10379,USD,,0.75
2024-02-22 12:21:57.958751,City Electric,Utilities,-78.73,-8687.94,transfer,Debit Card,,Los Angeles,XXXX-XXXX-XXXX-1234,T10380,USD,,0.7
2024-02-23 12:21:57.958751,Uber,Transport,21.5,-8666.44,credit,Online Transfer,,Houston,XXXX-XXXX-XXXX-1234,T10381,EUR,,0.79
2024-02-24 12:21:57.958751,CVS Pharmacy,Health,45.68,-8620.76,credit,Cash,,Chicago,XXXX-XXXX-XXXX-1234,T10382,EUR,,0.88
2024-02-25 12:21:57.958751,Best Buy,Electronics,-215.57,-8836.33,transfer,Online Transfer,,Seattle,XXXX-XXXX-XXXX-1234,T10383,GBP,,0.74
2024-02-25 12:21:57.958751,Uber,Transport,-24.94,-8861.27,debit,Cash,,Los Angeles,XXXX-XXXX-XXXX-1234,T10384,USD,,0.83
2024-02-25 12:21:57.958751,Whole Foods,Groceries,65.56,-8795.71,credit,Cash,,New York,XXXX-XXXX-XXXX-1234,T10385,USD,,0.87
2024-02-27 12:21:57.958751,Local Bookstore,Shopping,-119.51,-8915.22,debit,Online Transfer,,Boston,XXXX-XXXX-XXXX-1234,T10386,EUR,,0.88
2024-02-29 12:21:57.958751,Delta Airlines,Travel,541.29,-8373.93,transfer,Cash,,Houston,XXXX-XXXX-XXXX-1234,T10387,USD,,0.78
2024-03-01 12:21:57.958751,Airbnb,Travel,-230.05,-8603.98,debit,Cash,,Denver,XXXX-XXXX-XXXX-1234,T10388,USD,,0.82
2024-03-02 12:21:57.958751,Water Utility,Utilities,55.96,-8548.02,credit,Debit Card,,Los Angeles,XXXX-XXXX-XXXX-1234,T10389,USD,,0.93
2024-03-05 12:21:57.958751,Water Utility,Utilities,96.99,-8451.03,credit,Check,,Denver,XXXX-XXXX-XXXX-1234,T10390,USD,,0.98
2024-03-05 12:21:57.958751,Gym Membership,Health,-7.37,-8458.4,debit,Check,,San Francisco,XXXX-XXXX-XXXX-1234,T10391,USD,,0.96
2024-03-05 12:21:57.958751,Uber,Transport,-22.34,-8480.74,debit,Debit Card,,Chicago,XXXX-XXXX-XXXX-1234,T10392,USD,,0.87
2024-03-06 12:21:57.958751,Walmart,Groceries,77.68,-8403.06,credit,Online Transfer,,Los Angeles,XXXX-XXXX-XXXX-1234,T10393,USD,,0.82
2024-03-07 12:21:57.958751,Water Utility,Utilities,-97.38,-8500.44,debit,Credit Card,,Atlanta,XXXX-XXXX-XXXX-1234,T10394,USD,,0.8
2024-03-08 12:21:57.958751,Spotify,Entertainment,-0.18,-8500.62,debit,Credit Card,,New York,XXXX-XXXX-XXXX-1234,T10395,USD,,0.74
2024-03-08 12:21:57.958751,Uber,Transport,-27.51,-8528.13,debit,Credit Card,,Seattle,XXXX-XXXX-XXXX-1234,T10396,USD,,0.73
2024-03-09 12:21:57.958751,City Electric,Utilities,-63.03,-8591.16,debit,Debit Card,,Atlanta,XXXX-XXXX-XXXX-1234,T10397,USD,,0.91
2024-03-10 12:21:57.958751,CVS Pharmacy,Health,28.63,-8562.53,credit,Debit Card,,San Francisco,XXXX-XXXX-XXXX-1234,T10398,USD,,0.78
2024-03-10 12:21:57.958751,Walmart,Groceries,-58.38,-8620.91,debit,Cash,,Chicago,XXXX-XXXX-XXXX-1234,T10399,USD,,0.78
2024-03-11 12:21:57.958751,Costco,Groceries,-37.71,-8658.62,debit,Credit Card,,Boston,XXXX-XXXX-XXXX-1234,T10400,USD,,1.0
2024-03-11 12:21:57.958751,McDonald's,Dining,-15.14,-8673.76,debit,Online Transfer,,Houston,XXXX-XXXX-XXXX-1234,T10401,USD,,0.76
2024-03-14 12:21:57.958751,Amazon,Shopping,-106.2,-8779.96,debit,Online Transfer,,Denver,XXXX-XXXX-XXXX-1234,T10402,USD,,0.74
2024-03-14 12:21:57.958751,Walmart,Groceries,-34.35,-8814.31,debit,Credit Card,,San Francisco,XXXX-XXXX-XXXX-1234,T10403,USD,,0.73
2024-03-14 12:21:57.958751,Apple Store,Electronics,-209.57,-9023.88,debit,Credit Card,,Seattle,XXXX-XXXX-XXXX-1234,T10404,GBP,,0.87
2024-03-14 12:21:57.958751,Target,Shopping,-70.33,-9094.21,debit,Credit Card,,Houston,XXXX-XXXX-XXXX-1234,T10405,USD,,0.89
2024-03-14 12:21:57.958751,Airbnb,Travel,-219.23,-9313.44,debit,Debit Card,,Boston,XXXX-XXXX-XXXX-1234,T10406,USD,,0.81
2024-03-16 12:21:57.958751,Costco,Groceries,74.89,-9238.55,credit,Debit Card,,Seattle,XXXX-XXXX-XXXX-1234,T10407,USD,,0.86
2024-03-17 12:21:57.958751,Uber,Transport,-38.68,-9277.23,debit,Debit Card,,New York,XXXX-XXXX-XXXX-1234,T10408,USD,,0.94
2024-03-17 12:21:57.958751,Best Buy,Electronics,-29.13,-9306.36,debit,Check,,Denver,XXXX-XXXX-XXXX-1234,T10409,USD,,0.95
2024-03-18 12:21:57.958751,City Electric,Utilities,-103.02,-9409.38,debit,Online Transfer,,Atlanta,XXXX-XXXX-XXXX-1234,T10410,USD,,0.99
2024-03-19 12:21:57.958751,Shell Gas,Fuel,-67.97,-9477.35,debit,Online Transfer,,Los Angeles,XXXX-XXXX-XXXX-1234,T10411,EUR,,0.95
2024-03-19 12:21:57.958751,McDonald's,Dining,-35.57,-9512.92,debit,Cash,,San Francisco,XXXX-XXXX-XXXX-1234,T10412,USD,,0.87
2024-03-20 12:21:57.958751,Water Utility,Utilities,-94.51,-9607.43,debit,Debit Card,,Los Angeles,XXXX-XXXX-XXXX-1234,T10413,USD,,0.75
2024-03-20 12:21:57.958751,Starbucks,Coffee,4.41,-9603.02,credit,Check,,Houston,XXXX-XXXX-XXXX-1234,T10414,USD,,0.73
2024-03-21 12:21:57.958751,Delta Airlines,Travel,-394.5,-9997.52,debit,Check,,Los Angeles,XXXX-XXXX-XXXX-1234,T10415,EUR,,0.72
2024-03-22 12:21:57.958751,McDonald's,Dining,-11.31,-10008.83,debit,Online Transfer,,Atlanta,XXXX-XXXX-XXXX-1234,T10416,USD,,0.9
2024-03-22 12:21:57.958751,Spotify,Entertainment,16.46,-9992.37,credit,Debit Card,,Miami,XXXX-XXXX-XXXX-1234,T10417,GBP,,0.94
2024-03-25 12:21:57.958751,Costco,Groceries,-59.58,-10051.95,debit,Cash,,Houston,XXXX-XXXX-XXXX-1234,T10418,USD,,0.85
2024-03-26 12:21:57.958751,Amazon,Shopping,-59.76,-10111.71,debit,Debit Card,,Denver,XXXX-XXXX-XXXX-1234,T10419,GBP,,0.72
2024-03-26 12:21:57.958751,Walmart,Groceries,-21.34,-10133.05,debit,Credit Card,,Seattle,XXXX-XXXX-XXXX-1234,T10420,GBP,,0.86
2024-03-26 12:21:57.958751,Spotify,Entertainment,-18.49,-10151.54,debit,Debit Card,,Denver,XXXX-XXXX-XXXX-1234,T10421,USD,,0.98
2024-03-31 12:21:57.958751,Amazon,Shopping,176.02,-9975.52,credit,Credit Card,,Los Angeles,XXXX-XXXX-XXXX-1234,T10422,USD,,0.88
2024-04-02 12:21:57.958751,McDonald's,Dining,31.46,-9944.06,credit,Credit Card,,Chicago,XXXX-XXXX-XXXX-1234,T10423,USD,,0.94
2024-04-04 12:21:57.958751,McDonald's,Dining,32.07,-9911.99,transfer,Cash,,Houston,XXXX-XXXX-XXXX-1234,T10424,USD,,0.94
2024-04-06 12:21:57.958751,Water Utility,Utilities,-54.24,-9966.23,debit,Online Transfer,,Seattle,XXXX-XXXX-XXXX-1234,T10425,EUR,,0.98
2024-04-07 12:21:57.958751,Walmart,Groceries,-64.32,-10030.55,debit,Debit Card,,Boston,XXXX-XXXX-XXXX-1234,T10426,USD,,0.93
2024-04-08 12:21:57.958751,Uber,Transport,-37.81,-10068.36,debit,Credit Card,,New York,XXXX-XXXX-XXXX-1234,T10427,USD,,0.92
2024-04-08 12:21:57.958751,CVS Pharmacy,Health,-46.32,-10114.68,debit,Debit Card,,Denver,XXXX-XXXX-XXXX-1234,T10428,USD,,0.77
2024-04-09 12:21:57.958751,Gym Membership,Health,-34.93,-10149.61,debit,Online Transfer,,Denver,XXXX-XXXX-XXXX-1234,T10429,GBP,,0.72
2024-04-09 12:21:57.958751,City Electric,Utilities,30.36,-10119.25,refund,Online Transfer,,Houston,XXXX-XXXX-XXXX-1234,T10430,USD,,0.86
2024-04-10 12:21:57.958751,Costco,Groceries,-48.27,-10167.52,debit,Check,,Chicago,XXXX-XXXX-XXXX-1234,T10431,USD,,0.74
2024-04-11 12:21:57.958751,Delta Airlines,Travel,-398.4,-10565.92,debit,Online Transfer,,Los Angeles,XXXX-XXXX-XXXX-1234,T10432,USD,,0.99
2024-04-11 12:21:57.958751,Costco,Groceries,-67.26,-10633.18,debit,Cash,,Los Angeles,XXXX-XXXX-XXXX-1234,T10433,GBP,,0.79
2024-04-12 12:21:57.958751,Best Buy,Electronics,-255.08,-10888.26,debit,Credit Card,,Houston,XXXX-XXXX-XXXX-1234,T10434,USD,,0.96
2024-04-12 12:21:57.958751,Spotify,Entertainment,-5.38,-10893.64,debit,Check,,Denver,XXXX-XXXX-XXXX-1234,T10435,USD,,0.82
2024-04-14 12:21:57.958751,Uber,Transport,29.83,-10863.81,credit,Cash,,Seattle,XXXX-XXXX-XXXX-1234,T10436,USD,,0.8
2024-04-15 12:21:57.958751,Gym Membership,Health,-23.91,-10887.72,debit,Debit Card,,New York,XXXX-XXXX-XXXX-1234,T10437,USD,,0.98
2024-04-18 12:21:57.958751,Apple Store,Electronics,279.9,-10607.82,credit,Credit Card,,Houston,XXXX-XXXX-XXXX-1234,T10438,USD,,0.81
2024-04-20 12:21:57.958751,Starbucks,Coffee,-3.09,-10610.91,debit,Online Transfer,,Seattle,XXXX-XXXX-XXXX-1234,T10439,GBP,,0.82
2024-04-20 12:21:57.958751,City Electric,Utilities,100.17,-10510.74,credit,Credit Card,,Seattle,XXXX-XXXX-XXXX-1234,T10440,EUR,,0.73
2024-04-21 12:21:57.958751,Walmart,Groceries,55.77,-10454.97,credit,Debit Card,,Boston,XXXX-XXXX-XXXX-1234,T10441,USD,,0.9
2024-04-22 12:21:57.958751,McDonald's,Dining,-1.21,-10456.18,debit,Check,,Atlanta,XXXX-XXXX-XXXX-1234,T10442,EUR,,0.79
2024-04-22 12:21:57.958751,CVS Pharmacy,Health,-51.29,-10507.47,debit,Check,,Miami,XXXX-XXXX-XXXX-1234,T10443,USD,,0.88
2024-04-24 12:21:57.958751,Water Utility,Utilities,37.12,-10470.35,refund,Check,,New York,XXXX-XXXX-XXXX-1234,T10444,EUR,,0.88
2024-04-25 12:21:57.958751,Shell Gas,Fuel,-65.52,-10535.87,debit,Online Transfer,,San Francisco,XXXX-XXXX-XXXX-1234,T10445,EUR,,0.92
2024-04-26 12:21:57.958751,Water Utility,Utilities,31.14,-10504.73,transfer,Cash,,Chicago,XXXX-XXXX-XXXX-1234,T10446,USD,,0.92
2024-04-26 12:21:57.958751,Apple Store,Electronics,-80.58,-10585.31,debit,Cash,,Miami,XXXX-XXXX-XXXX-1234,T10447,EUR,,0.85
2024-04-27 12:21:57.958751,Delta Airlines,Travel,-156.18,-10741.49,debit,Credit Card,,Boston,XXXX-XXXX-XXXX-1234,T10448,USD,,0.8
2024-04-27 12:21:57.958751,Starbucks,Coffee,3.97,-10737.52,credit,Online Transfer,,New York,XXXX-XXXX-XXXX-1234,T10449,USD,,0.95
2024-04-28 12:21:57.958751,CVS Pharmacy,Health,-49.72,-10787.24,transfer,Check,,Los Angeles,XXXX-XXXX-XXXX-1234,T10450,USD,,0.79
2024-04-29 12:21:57.958751,Best Buy,Electronics,-325.24,-11112.48,debit,Check,,Miami,XXXX-XXXX-XXXX-1234,T10451,USD,,0.85
2024-04-29 12:21:57.958751,Whole Foods,Groceries,68.31,-11044.17,credit,Debit Card,,Los Angeles,XXXX-XXXX-XXXX-1234,T10452,EUR,,0.82
2024-05-01 12:21:57.958751,Best Buy,Electronics,-164.76,-11208.93,debit,Debit Card,,Chicago,XXXX-XXXX-XXXX-1234,T10453,GBP,,0.96
2024-05-02 12:21:57.958751,City Electric,Utilities,-93.33,-11302.26,debit,Check,,Los Angeles,XXXX-XXXX-XXXX-1234,T10454,USD,,0.83
2024-05-02 12:21:57.958751,Shell Gas,Fuel,-14.69,-11316.95,debit,Check,,Chicago,XXXX-XXXX-XXXX-1234,T10455,EUR,,0.82
2024-05-03 12:21:57.958751,Costco,Groceries,-56.18,-11373.13,debit,Online Transfer,,New York,XXXX-XXXX-XXXX-1234,T10456,EUR,,0.91
2024-05-06 12:21:57.958751,Apple Store,Electronics,-150.04,-11523.17,transfer,Cash,,Denver,XXXX-XXXX-XXXX-1234,T10457,USD,,0.88
2024-05-06 12:21:57.958751,Apple Store,Electronics,-215.09,-11738.26,debit,Debit Card,,Chicago,XXXX-XXXX-XXXX-1234,T10458,USD,,0.73
2024-05-07 12:21:57.958751,Target,Shopping,-119.02,-11857.28,debit,Cash,,Seattle,XXXX-XXXX-XXXX-1234,T10459,USD,,0.85
2024-05-07 12:21:57.958751,Netflix,Entertainment,-8.04,-11865.32,debit,Online Transfer,,San Francisco,XXXX-XXXX-XXXX-1234,T10460,USD,,0.92
2024-05-11 12:21:57.958751,Uber,Transport,-17.62,-11882.94,debit,Check,,San Francisco,XXXX-XXXX-XXXX-1234,T10461,GBP,,1.0
2024-05-11 12:21:57.958751,CVS Pharmacy,Health,-24.97,-11907.91,debit,Cash,,Houston,XXXX-XXXX-XXXX-1234,T10462,USD,,0.89
2024-05-12 12:21:57.958751,Target,Shopping,111.71,-11796.2,credit,Check,,San Francisco,XXXX-XXXX-XXXX-1234,T10463,EUR,,0.81
2024-05-13 12:21:57.958751,McDonald's,Dining,-33.59,-11829.79,debit,Check,,Houston,XXXX-XXXX-XXXX-1234,T10464,USD,,0.77
2024-05-14 12:21:57.958751,Amazon,Shopping,132.29,-11697.5,transfer,Credit Card,,San Francisco,XXXX-XXXX-XXXX-1234,T10465,USD,,0.96
2024-05-14 12:21:57.958751,Uber,Transport,-3.08,-11700.58,fee,Cash,,Chicago,XXXX-XXXX-XXXX-1234,T10466,USD,,0.94
2024-05-14 12:21:57.958751,Gym Membership,Health,-3.89,-11704.47,debit,Cash,,Seattle,XXXX-XXXX-XXXX-1234,T10467,USD,,0.77
2024-05-15 12:21:57.958751,Shell Gas,Fuel,-50.25,-11754.72,transfer,Check,,Denver,XXXX-XXXX-XXXX-1234,T10468,USD,,0.76
2024-05-16 12:21:57.958751,Airbnb,Travel,456.69,-11298.03,credit,Online Transfer,,Los Angeles,XXXX-XXXX-XXXX-1234,T10469,USD,,0.91
2024-05-16 12:21:57.958751,Gym Membership,Health,-43.69,-11341.72,debit,Credit Card,,Boston,XXXX-XXXX-XXXX-1234,T10470,USD,,0.79
2024-05-17 12:21:57.958751,Local Bookstore,Shopping,-203.75,-11545.47,debit,Check,,San Francisco,XXXX-XXXX-XXXX-1234,T10471,USD,,0.79
2024-05-18 12:21:57.958751,McDonald's,Dining,-31.8,-11577.27,debit,Debit Card,,Denver,XXXX-XXXX-XXXX-1234,T10472,USD,,0.75
2024-05-18 12:21:57.958751,CVS Pharmacy,Health,-55.03,-11632.3,debit,Debit Card,,Denver,XXXX-XXXX-XXXX-1234,T10473,EUR,,0.78
2024-05-18 12:21:57.958751,Spotify,Entertainment,11.75,-11620.55,credit,Credit Card,,Chicago,XXXX-XXXX-XXXX-1234,T10474,USD,,0.83
2024-05-20 12:21:57.958751,Target,Shopping,-138.19,-11758.74,debit,Online Transfer,,New York,XXXX-XXXX-XXXX-1234,T10475,USD,,0.92
2024-05-20 12:21:57.958751,Amazon,Shopping,118.41,-11640.33,credit,Check,,New York,XXXX-XXXX-XXXX-1234,T10476,USD,,0.8
2024-05-22 12:21:57.958751,Whole Foods,Groceries,-36.23,-11676.56,debit,Cash,,San Francisco,XXXX-XXXX-XXXX-1234,T10477,USD,,0.8
2024-05-22 12:21:57.958751,City Electric,Utilities,-81.3,-11757.86,debit,Credit Card,,Boston,XXXX-XXXX-XXXX-1234,T10478,GBP,,0.79
2024-05-22 12:21:57.958751,Walmart,Groceries,34.45,-11723.41,refund,Online Transfer,,San Francisco,XXXX-XXXX-XXXX-1234,T10479,USD,,0.84
2024-05-22 12:21:57.958751,Netflix,Entertainment,-18.76,-11742.17,debit,Cash,,San Francisco,XXXX-XXXX-XXXX-1234,T10480,USD,,0.75
2024-05-22 12:21:57.958751,Apple Store,Electronics,-112.15,-11854.32,debit,Debit Card,,Houston,XXXX-XXXX-XXXX-1234,T10481,EUR,,0.85
2024-05-24 12:21:57.958751,Apple Store,Electronics,-274.25,-12128.57,debit,Debit Card,,Seattle,XXXX-XXXX-XXXX-1234,T10482,USD,,0.91
2024-05-24 12:21:57.958751,Best Buy,Electronics,-136.24,-12264.81,debit,Cash,,Seattle,XXXX-XXXX-XXXX-1234,T10483,USD,,0.71
2024-05-24 12:21:57.958751,City Electric,Utilities,-83.13,-12347.94,debit,Credit Card,,Boston,XXXX-XXXX-XXXX-1234,T10484,USD,,0.7
2024-05-24 12:21:57.958751,Whole Foods,Groceries,-42.42,-12390.36,debit,Debit Card,,Houston,XXXX-XXXX-XXXX-1234,T10485,USD,,0.72
2024-05-25 12:21:57.958751,Walmart,Groceries,-44.53,-12434.89,debit,Check,,Denver,XXXX-XXXX-XXXX-1234,T10486,USD,,0.86
2024-05-25 12:21:57.958751,Gym Membership,Health,-13.83,-12448.72,fee,Cash,,Houston,XXXX-XXXX-XXXX-1234,T10487,USD,,0.96
2024-05-26 12:21:57.958751,City Electric,Utilities,-35.99,-12484.71,debit,Cash,,San Francisco,XXXX-XXXX-XXXX-1234,T10488,EUR,,0.7
2024-05-26 12:21:57.958751,Spotify,Entertainment,-29.59,-12514.3,debit,Debit Card,,New York,XXXX-XXXX-XXXX-1234,T10489,EUR,,0.98
2024-05-26 12:21:57.958751,Walmart,Groceries,-4.47,-12518.77,debit,Credit Card,,Miami,XXXX-XXXX-XXXX-1234,T10490,USD,,0.73
2024-05-26 12:21:57.958751,Water Utility,Utilities,-90.09,-12608.86,transfer,Check,,Boston,XXXX-XXXX-XXXX-1234,T10491,USD,,0.95
2024-05-30 12:21:57.958751,Water Utility,Utilities,-70.68,-12679.54,debit,Credit Card,,Denver,XXXX-XXXX-XXXX-1234,T10492,EUR,,0.84
2024-06-02 12:21:57.958751,City Electric,Utilities,-40.81,-12720.35,debit,Online Transfer,,Chicago,XXXX-XXXX-XXXX-1234,T10493,USD,,0.9
2024-06-03 12:21:57.958751,Walmart,Groceries,-65.93,-12786.28,debit,Online Transfer,,Miami,XXXX-XXXX-XXXX-1234,T10494,EUR,,0.85
2024-06-04 12:21:57.958751,Walmart,Groceries,-16.54,-12802.82,debit,Debit Card,,Miami,XXXX-XXXX-XXXX-1234,T10495,EUR,,0.84
2024-06-05 12:21:57.958751,Netflix,Entertainment,22.78,-12780.04,credit,Debit Card,,Houston,XXXX-XXXX-XXXX-1234,T10496,EUR,,0.95
2024-06-06 12:21:57.958751,McDonald's,Dining,23.56,-12756.48,credit,Debit Card,,Los Angeles,XXXX-XXXX-XXXX-1234,T10497,USD,,0.93
2024-06-08 12:21:57.958751,Best Buy,Electronics,-155.2,-12911.68,debit,Online Transfer,,Miami,XXXX-XXXX-XXXX-1234,T10498,USD,,0.85
2024-06-10 12:21:57.958751,Whole Foods,Groceries,-24.88,-12936.56,debit,Credit Card,,San Francisco,XXXX-XXXX-XXXX-1234,T10499,USD,,0.73
2024-06-10 12:21:57.958751,Shell Gas,Fuel,-60.61,-12997.17,debit,Credit Card,,Atlanta,XXXX-XXXX-XXXX-1234,T10500,EUR,,0.73
2024-06-10 12:21:57.958751,CVS Pharmacy,Health,-6.74,-13003.91,fee,Debit Card,,New York,XXXX-XXXX-XXXX-1234,T10501,USD,,0.94
2024-06-12 12:21:57.958751,Apple Store,Electronics,-4.16,-13008.07,fee,Check,,New York,XXXX-XXXX-XXXX-1234,T10502,EUR,,0.86
2024-06-12 12:21:57.958751,Amazon,Shopping,-152.57,-13160.64,debit,Credit Card,,Atlanta,XXXX-XXXX-XXXX-1234,T10503,USD,,0.84
2024-06-14 12:21:57.958751,Target,Shopping,92.87,-13067.77,credit,Online Transfer,,Seattle,XXXX-XXXX-XXXX-1234,T10504,USD,,0.9
2024-06-14 12:21:57.958751,Whole Foods,Groceries,58.58,-13009.19,credit,Cash,,San Francisco,XXXX-XXXX-XXXX-1234,T10505,USD,,0.96
2024-06-14 12:21:57.958751,Walmart,Groceries,-70.47,-13079.66,debit,Cash,,Chicago,XXXX-XXXX-XXXX-1234,T10506,USD,,0.89
2024-06-15 12:21:57.958751,Whole Foods,Groceries,-53.95,-13133.61,debit,Cash,,Miami,XXXX-XXXX-XXXX-1234,T10507,USD,,0.93
2024-06-18 12:21:57.958751,Walmart,Groceries,-93.27,-13226.88,debit,Check,,Seattle,XXXX-XXXX-XXXX-1234,T10508,USD,,0.93
2024-06-18 12:21:57.958751,Amazon,Shopping,94.95,-13131.93,credit,Debit Card,,San Francisco,XXXX-XXXX-XXXX-1234,T10509,GBP,,0.81
2024-06-18 12:21:57.958751,Costco,Groceries,-8.95,-13140.88,fee,Online Transfer,,Houston,XXXX-XXXX-XXXX-1234,T10510,USD,,0.78
2024-06-18 12:21:57.958751,Spotify,Entertainment,17.4,-13123.48,credit,Check,,New York,XXXX-XXXX-XXXX-1234,T10511,USD,,0.94
2024-06-19 12:21:57.958751,Whole Foods,Groceries,69.32,-13054.16,credit,Online Transfer,,Seattle,XXXX-XXXX-XXXX-1234,T10512,USD,,0.81
2024-06-19 12:21:57.958751,Best Buy,Electronics,-328.86,-13383.02,debit,Online Transfer,,Boston,XXXX-XXXX-XXXX-1234,T10513,EUR,,0.97
2024-06-19 12:21:57.958751,Airbnb,Travel,366.63,-13016.39,credit,Debit Card,,Miami,XXXX-XXXX-XXXX-1234,T10514,EUR,,0.72
2024-06-20 12:21:57.958751,Apple Store,Electronics,231.74,-12784.65,credit,Cash,,Miami,XXXX-XXXX-XXXX-1234,T10515,USD,,0.72
2024-06-21 12:21:57.958751,Target,Shopping,-25.85,-12810.5,debit,Debit Card,,Chicago,XXXX-XXXX-XXXX-1234,T10516,EUR,,0.98
2024-06-22 12:21:57.958751,Amazon,Shopping,-105.62,-12916.12,debit,Check,,Los Angeles,XXXX-XXXX-XXXX-1234,T10517,EUR,,0.89
2024-06-22 12:21:57.958751,Best Buy,Electronics,200.98,-12715.14,credit,Check,,Boston,XXXX-XXXX-XXXX-1234,T10518,USD,,0.81
2024-06-24 12:21:57.958751,Netflix,Entertainment,-19.64,-12734.78,debit,Check,,Miami,XXXX-XXXX-XXXX-1234,T10519,USD,,0.93
2024-06-25 12:21:57.958751,Airbnb,Travel,323.13,-12411.65,credit,Debit Card,,Denver,XXXX-XXXX-XXXX-1234,T10520,USD,,0.9
2024-06-25 12:21:57.958751,Apple Store,Electronics,-175.94,-12587.59,debit,Online Transfer,,Boston,XXXX-XXXX-XXXX-1234,T10521,USD,,0.86
2024-06-29 12:21:57.958751,Delta Airlines,Travel,-80.96,-12668.55,debit,Online Transfer,,Miami,XXXX-XXXX-XXXX-1234,T10522,EUR,,0.73
2024-06-30 12:21:57.958751,Water Utility,Utilities,49.24,-12619.31,credit,Credit Card,,Atlanta,XXXX-XXXX-XXXX-1234,T10523,USD,,0.94
2024-06-30 12:21:57.958751,Netflix,Entertainment,-28.96,-12648.27,debit,Check,,Boston,XXXX-XXXX-XXXX-1234,T10524,GBP,,0.96
2024-06-30 12:21:57.958751,Apple Store,Electronics,-212.97,-12861.24,debit,Online Transfer,,San Francisco,XXXX-XXXX-XXXX-1234,T10525,USD,,0.75
2024-07-01 12:21:57.958751,Delta Airlines,Travel,-360.65,-13221.89,debit,Credit Card,,Boston,XXXX-XXXX-XXXX-1234,T10526,USD,,0.96
2024-07-01 12:21:57.958751,McDonald's,Dining,18.53,-13203.36,credit,Online Transfer,,Chicago,XXXX-XXXX-XXXX-1234,T10527,USD,,0.96
2024-07-01 12:21:57.958751,Apple Store,Electronics,-287.55,-13490.91,debit,Check,,Houston,XXXX-XXXX-XXXX-1234,T10528,USD,,0.86
2024-07-01 12:21:57.958751,McDonald's,Dining,36.95,-13453.96,transfer,Cash,,Houston,XXXX-XXXX-XXXX-1234,T10529,EUR,,0.9
2024-07-02 12:21:57.958751,City Electric,Utilities,-121.05,-13575.01,debit,Check,,Houston,XXXX-XXXX-XXXX-1234,T10530,EUR,,0.81
2024-07-02 12:21:57.958751,Water Utility,Utilities,37.33,-13537.68,refund,Debit Card,,San Francisco,XXXX-XXXX-XXXX-1234,T10531,USD,,0.78
2024-07-03 12:21:57.958751,Airbnb,Travel,-18.88,-13556.56,fee,Online Transfer,,Seattle,XXXX-XXXX-XXXX-1234,T10532,USD,,0.92
2024-07-03 12:21:57.958751,McDonald's,Dining,-15.39,-13571.95,debit,Online Transfer,,Houston,XXXX-XXXX-XXXX-1234,T10533,USD,,0.96
2024-07-04 12:21:57.958751,Local Bookstore,Shopping,-61.52,-13633.47,debit,Debit Card,,New York,XXXX-XXXX-XXXX-1234,T10534,USD,,0.9
2024-07-05 12:21:57.958751,Walmart,Groceries,-63.68,-13697.15,debit,Debit Card,,San Francisco,XXXX-XXXX-XXXX-1234,T10535,USD,,0.85
2024-07-05 12:21:57.958751,Airbnb,Travel,-504.61,-14201.76,debit,Cash,,Seattle,XXXX-XXXX-XXXX-1234,T10536,USD,,0.75
2024-07-07 12:21:57.958751,Amazon,Shopping,-31.06,-14232.82,debit,Online Transfer,,New York,XXXX-XXXX-XXXX-1234,T10537,USD,,0.72
2024-07-07 12:21:57.958751,Airbnb,Travel,-270.45,-14503.27,debit,Online Transfer,,New York,XXXX-XXXX-XXXX-1234,T10538,GBP,,0.83
2024-07-07 12:21:57.958751,McDonald's,Dining,-13.89,-14517.16,debit,Cash,,New York,XXXX-XXXX-XXXX-1234,T10539,USD,,0.71
2024-07-08 12:21:57.958751,McDonald's,Dining,-21.43,-14538.59,debit,Credit Card,,Denver,XXXX-XXXX-XXXX-1234,T10540,USD,,0.87
2024-07-08 12:21:57.958751,Starbucks,Coffee,-5.03,-14543.62,debit,Cash,,Chicago,XXXX-XXXX-XXXX-1234,T10541,USD,,0.81
2024-07-08 12:21:57.958751,Netflix,Entertainment,-25.09,-14568.71,debit,Check,,Chicago,XXXX-XXXX-XXXX-1234,T10542,USD,,0.93
2024-07-08 12:21:57.958751,Local Bookstore,Shopping,47.83,-14520.88,refund,Online Transfer,,San Francisco,XXXX-XXXX-XXXX-1234,T10543,USD,,0.79
2024-07-09 12:21:57.958751,Delta Airlines,Travel,-506.22,-15027.1,debit,Debit Card,,New York,XXXX-XXXX-XXXX-1234,T10544,GBP,,0.88
2024-07-09 12:21:57.958751,Airbnb,Travel,-252.73,-15279.83,debit,Check,,Atlanta,XXXX-XXXX-XXXX-1234,T10545,EUR,,0.86
2024-07-11 12:21:57.958751,Starbucks,Coffee,-7.32,-15287.15,debit,Online Transfer,,Boston,XXXX-XXXX-XXXX-1234,T10546,USD,,0.7
2024-07-11 12:21:57.958751,Delta Airlines,Travel,380.58,-14906.57,credit,Cash,,Seattle,XXXX-XXXX-XXXX-1234,T10547,USD,,0.72
2024-07-12 12:21:57.958751,Whole Foods,Groceries,-50.57,-14957.14,transfer,Check,,Chicago,XXXX-XXXX-XXXX-1234,T10548,USD,,0.79
2024-07-12 12:21:57.958751,McDonald's,Dining,29.02,-14928.12,credit,Online Transfer,,Houston,XXXX-XXXX-XXXX-1234,T10549,EUR,,0.96
2024-07-13 12:21:57.958751,Target,Shopping,-8.49,-14936.61,fee,Credit Card,,San Francisco,XXXX-XXXX-XXXX-1234,T10550,USD,,0.74
2024-07-13 12:21:57.958751,McDonald's,Dining,-20.81,-14957.42,debit,Credit Card,,Seattle,XXXX-XXXX-XXXX-1234,T10551,USD,,0.91
2024-07-13 12:21:57.958751,Spotify,Entertainment,11.98,-14945.44,credit,Debit Card,,San Francisco,XXXX-XXXX-XXXX-1234,T10552,USD,,0.99
2024-07-15 12:21:57.958751,Shell Gas,Fuel,58.36,-14887.08,credit,Online Transfer,,Atlanta,XXXX-XXXX-XXXX-1234,T10553,USD,,0.94
2024-07-16 12:21:57.958751,Netflix,Entertainment,-0.11,-14887.19,debit,Credit Card,,Denver,XXXX-XXXX-XXXX-1234,T10554,USD,,0.77
2024-07-16 12:21:57.958751,Uber,Transport,-6.72,-14893.91,fee,Cash,,Denver,XXXX-XXXX-XXXX-1234,T10555,GBP,,0.97
2024-07-16 12:21:57.958751,Apple Store,Electronics,-241.85,-15135.76,debit,Online Transfer,,New York,XXXX-XXXX-XXXX-1234,T10556,USD,,0.73
2024-07-16 12:21:57.958751,Target,Shopping,-43.87,-15179.63,debit,Cash,,Denver,XXXX-XXXX-XXXX-1234,T10557,USD,,0.84
2024-07-17 12:21:57.958751,McDonald's,Dining,-26.14,-15205.77,debit,Cash,,San Francisco,XXXX-XXXX-XXXX-1234,T10558,USD,,0.97
2024-07-17 12:21:57.958751,Local Bookstore,Shopping,-56.54,-15262.31,debit,Credit Card,,Houston,XXXX-XXXX-XXXX-1234,T10559,EUR,,0.89
2024-07-18 12:21:57.958751,Spotify,Entertainment,12.48,-15249.83,credit,Online Transfer,,New York,XXXX-XXXX-XXXX-1234,T10560,GBP,,0.82
2024-07-18 12:21:57.958751,Spotify,Entertainment,-24.65,-15274.48,debit,Check,,Miami,XXXX-XXXX-XXXX-1234,T10561,USD,,0.79
2024-07-18 12:21:57.958751,Target,Shopping,-107.7,-15382.18,debit,Credit Card,,Seattle,XXXX-XXXX-XXXX-1234,T10562,EUR,,0.81
2024-07-19 12:21:57.958751,Uber,Transport,-31.49,-15413.67,debit,Credit Card,,Atlanta,XXXX-XXXX-XXXX-1234,T10563,USD,,0.85
2024-07-20 12:21:57.958751,Water Utility,Utilities,112.91,-15300.76,credit,Online Transfer,,New York,XXXX-XXXX-XXXX-1234,T10564,USD,,0.8
2024-07-20 12:21:57.958751,Shell Gas,Fuel,-12.39,-15313.15,debit,Online Transfer,,San Francisco,XXXX-XXXX-XXXX-1234,T10565,USD,,0.99
2024-07-22 12:21:57.958751,Amazon,Shopping,-131.74,-15444.89,debit,Cash,,Seattle,XXXX-XXXX-XXXX-1234,T10566,USD,,0.98
2024-07-22 12:21:57.958751,CVS Pharmacy,Health,39.18,-15405.71,transfer,Online Transfer,,Houston,XXXX-XXXX-XXXX-1234,T10567,USD,,0.96
2024-07-23 12:21:57.958751,McDonald's,Dining,21.28,-15384.43,credit,Cash,,Los Angeles,XXXX-XXXX-XXXX-1234,T10568,USD,,0.83
2024-07-23 12:21:57.958751,Costco,Groceries,-93.16,-15477.59,debit,Credit Card,,Atlanta,XXXX-XXXX-XXXX-1234,T10569,USD,,0.91
2024-07-24 12:21:57.958751,Uber,Transport,23.35,-15454.24,credit,Debit Card,,San Francisco,XXXX-XXXX-XXXX-1234,T10570,GBP,,0.97
2024-07-25 12:21:57.958751,Amazon,Shopping,143.15,-15311.09,credit,Check,,Atlanta,XXXX-XXXX-XXXX-1234,T10571,USD,,0.96
2024-07-26 12:21:57.958751,McDonald's,Dining,26.14,-15284.95,credit,Credit Card,,Chicago,XXXX-XXXX-XXXX-1234,T10572,USD,,0.82
2024-07-28 12:21:57.958751,CVS Pharmacy,Health,-57.08,-15342.03,debit,Online Transfer,,Los Angeles,XXXX-XXXX-XXXX-1234,T10573,USD,,0.73
2024-07-29 12:21:57.958751,City Electric,Utilities,-49.98,-15392.01,debit,Check,,Seattle,XXXX-XXXX-XXXX-1234,T10574,EUR,,0.72
2024-07-30 12:21:57.958751,Whole Foods,Groceries,-31.68,-15423.69,debit,Debit Card,,Denver,XXXX-XXXX-XXXX-1234,T10575,USD,,0.87
2024-07-30 12:21:57.958751,City Electric,Utilities,-116.1,-15539.79,debit,Debit Card,,San Francisco,XXXX-XXXX-XXXX-1234,T10576,USD,,0.89
2024-07-30 12:21:57.958751,Airbnb,Travel,-363.8,-15903.59,debit,Cash,,Atlanta,XXXX-XXXX-XXXX-1234,T10577,GBP,,0.95
2024-07-31 12:21:57.958751,Amazon,Shopping,-22.75,-15926.34,debit,Check,,Seattle,XXXX-XXXX-XXXX-1234,T10578,USD,,0.79
2024-08-01 12:21:57.958751,McDonald's,Dining,-14.61,-15940.95,debit,Cash,,Denver,XXXX-XXXX-XXXX-1234,T10579,USD,,0.75
2024-08-02 12:21:57.958751,Walmart,Groceries,-59.66,-16000.61,debit,Credit Card,,Houston,XXXX-XXXX-XXXX-1234,T10580,EUR,,0.81
2024-08-03 12:21:57.958751,Delta Airlines,Travel,-425.66,-16426.27,debit,Check,,Houston,XXXX-XXXX-XXXX-1234,T10581,USD,,0.81
2024-08-04 12:21:57.958751,Netflix,Entertainment,14.94,-16411.33,credit,Credit Card,,Atlanta,XXXX-XXXX-XXXX-1234,T10582,USD,,0.74
2024-08-04 12:21:57.958751,Local Bookstore,Shopping,-45.71,-16457.04,debit,Cash,,New York,XXXX-XXXX-XXXX-1234,T10583,USD,,0.9
2024-08-06 12:21:57.958751,Uber,Transport,-31.54,-16488.58,debit,Check,,Chicago,XXXX-XXXX-XXXX-1234,T10584,USD,,0.85
2024-08-06 12:21:57.958751,Spotify,Entertainment,12.51,-16476.07,credit,Cash,,New York,XXXX-XXXX-XXXX-1234,T10585,USD,,0.92
2024-08-06 12:21:57.958751,Whole Foods,Groceries,-0.43,-16476.5,debit,Check,,Chicago,XXXX-XXXX-XXXX-1234,T10586,USD,,0.81
2024-08-09 12:21:57.958751,Amazon,Shopping,35.03,-16441.47,credit,Cash,,San Francisco,XXXX-XXXX-XXXX-1234,T10587,USD,,0.8
2024-08-11 12:21:57.958751,Best Buy,Electronics,288.84,-16152.63,credit,Debit Card,,Miami,XXXX-XXXX-XXXX-1234,T10588,USD,,0.84
2024-08-12 12:21:57.958751,Apple Store,Electronics,-212.86,-16365.49,debit,Cash,,Atlanta,XXXX-XXXX-XXXX-1234,T10589,EUR,,0.96
2024-08-16 12:21:57.958751,Shell Gas,Fuel,45.29,-16320.2,credit,Debit Card,,Boston,XXXX-XXXX-XXXX-1234,T10590,USD,,0.71
2024-08-19 12:21:57.958751,Gym Membership,Health,-59.31,-16379.51,debit,Cash,,Atlanta,XXXX-XXXX-XXXX-1234,T10591,USD,,0.94
2024-08-19 12:21:57.958751,Shell Gas,Fuel,-52.75,-16432.26,debit,Check,,Los Angeles,XXXX-XXXX-XXXX-1234,T10592,EUR,,0.81
2024-08-19 12:21:57.958751,Water Utility,Utilities,-135.61,-16567.87,debit,Check,,Denver,XXXX-XXXX-XXXX-1234,T10593,USD,,0.96
2024-08-19 12:21:57.958751,Shell Gas,Fuel,-12.15,-16580.02,debit,Check,,Los Angeles,XXXX-XXXX-XXXX-1234,T10594,USD,,0.94
2024-08-20 12:21:57.958751,City Electric,Utilities,-111.2,-16691.22,transfer,Online Transfer,,Houston,XXXX-XXXX-XXXX-1234,T10595,GBP,,0.8
2024-08-21 12:21:57.958751,Costco,Groceries,-32.38,-16723.6,debit,Credit Card,,Chicago,XXXX-XXXX-XXXX-1234,T10596,USD,,0.91
2024-08-21 12:21:57.958751,City Electric,Utilities,-45.13,-16768.73,debit,Check,,Denver,XXXX-XXXX-XXXX-1234,T10597,USD,,0.75
2024-08-22 12:21:57.958751,Spotify,Entertainment,-13.95,-16782.68,debit,Debit Card,,Houston,XXXX-XXXX-XXXX-1234,T10598,EUR,,0.97
2024-08-22 12:21:57.958751,Starbucks,Coffee,-8.16,-16790.84,debit,Check,,Denver,XXXX-XXXX-XXXX-1234,T10599,USD,,0.82
2024-08-23 12:21:57.958751,Water Utility,Utilities,-102.95,-16893.79,debit,Online Transfer,,New York,XXXX-XXXX-XXXX-1234,T10600,USD,,0.84
2024-08-25 12:21:57.958751,Water Utility,Utilities,-74.15,-16967.94,debit,Debit Card,,Houston,XXXX-XXXX-XXXX-1234,T10601,USD,,0.91
2024-08-25 12:21:57.958751,CVS Pharmacy,Health,50.2,-16917.74,credit,Online Transfer,,New York,XXXX-XXXX-XXXX-1234,T10602,USD,,0.95
2024-08-26 12:21:57.958751,Best Buy,Electronics,-226.86,-17144.6,debit,Debit Card,,New York,XXXX-XXXX-XXXX-1234,T10603,USD,,0.77
2024-08-26 12:21:57.958751,Costco,Groceries,-20.75,-17165.35,debit,Cash,,Denver,XXXX-XXXX-XXXX-1234,T10604,GBP,,0.9
2024-08-27 12:21:57.958751,Shell Gas,Fuel,-37.1,-17202.45,debit,Credit Card,,Seattle,XXXX-XXXX-XXXX-1234,T10605,USD,,0.82
2024-08-28 12:21:57.958751,Walmart,Groceries,-48.17,-17250.62,debit,Credit Card,,Los Angeles,XXXX-XXXX-XXXX-1234,T10606,EUR,,0.81
2024-08-29 12:21:57.958751,Gym Membership,Health,50.0,-17200.62,credit,Online Transfer,,Houston,XXXX-XXXX-XXXX-1234,T10607,USD,,0.91
2024-08-29 12:21:57.958751,Costco,Groceries,-35.84,-17236.46,debit,Credit Card,,Boston,XXXX-XXXX-XXXX-1234,T10608,EUR,,0.82
2024-08-30 12:21:57.958751,Uber,Transport,-13.59,-17250.05,debit,Online Transfer,,Seattle,XXXX-XXXX-XXXX-1234,T10609,EUR,,0.8
2024-08-30 12:21:57.958751,Target,Shopping,-97.72,-17347.77,debit,Online Transfer,,Los Angeles,XXXX-XXXX-XXXX-1234,T10610,USD,,0.95
2024-08-31 12:21:57.958751,Starbucks,Coffee,5.03,-17342.74,credit,Online Transfer,,Houston,XXXX-XXXX-XXXX-1234,T10611,USD,,0.73
2024-08-31 12:21:57.958751,Netflix,Entertainment,-12.57,-17355.31,debit,Credit Card,,Chicago,XXXX-XXXX-XXXX-1234,T10612,USD,,0.9
2024-09-02 12:21:57.958751,Best Buy,Electronics,-191.91,-17547.22,debit,Online Transfer,,Los Angeles,XXXX-XXXX-XXXX-1234,T10613,USD,,0.77
2024-09-03 12:21:57.958751,Best Buy,Electronics,217.02,-17330.2,credit,Credit Card,,Boston,XXXX-XXXX-XXXX-1234,T10614,EUR,,0.7
2024-09-03 12:21:57.958751,Local Bookstore,Shopping,-148.16,-17478.36,debit,Online Transfer,,Atlanta,XXXX-XXXX-XXXX-1234,T10615,EUR,,0.75
2024-09-04 12:21:57.958751,Target,Shopping,162.43,-17315.93,credit,Check,,San Francisco,XXXX-XXXX-XXXX-1234,T10616,USD,,0.88
2024-09-06 12:21:57.958751,Amazon,Shopping,145.89,-17170.04,credit,Online Transfer,,New York,XXXX-XXXX-XXXX-1234,T10617,USD,,0.91
2024-09-06 12:21:57.958751,CVS Pharmacy,Health,-4.0,-17174.04,debit,Debit Card,,San Francisco,XXXX-XXXX-XXXX-1234,T10618,USD,,0.71
2024-09-06 12:21:57.958751,Amazon,Shopping,-67.9,-17241.94,debit,Online Transfer,,Seattle,XXXX-XXXX-XXXX-1234,T10619,USD,,0.71
2024-09-08 12:21:57.958751,Shell Gas,Fuel,-36.43,-17278.37,debit,Cash,,Atlanta,XXXX-XXXX-XXXX-1234,T10620,USD,,0.97
2024-09-08 12:21:57.958751,City Electric,Utilities,-5.76,-17284.13,debit,Online Transfer,,New York,XXXX-XXXX-XXXX-1234,T10621,EUR,,0.72
2024-09-09 12:21:57.958751,Walmart,Groceries,16.24,-17267.89,refund,Debit Card,,Houston,XXXX-XXXX-XXXX-1234,T10622,GBP,,0.97
2024-09-09 12:21:57.958751,McDonald's,Dining,-18.09,-17285.98,debit,Debit Card,,Seattle,XXXX-XXXX-XXXX-1234,T10623,USD,,0.77
2024-09-09 12:21:57.958751,Whole Foods,Groceries,-38.78,-17324.76,debit,Credit Card,,Boston,XXXX-XXXX-XXXX-1234,T10624,USD,,0.92
2024-09-10 12:21:57.958751,Uber,Transport,30.06,-17294.7,credit,Check,,Denver,XXXX-XXXX-XXXX-1234,T10625,USD,,0.79
2024-09-10 12:21:57.958751,Best Buy,Electronics,-61.92,-17356.62,debit,Online Transfer,,Houston,XXXX-XXXX-XXXX-1234,T10626,USD,,0.96
2024-09-11 12:21:57.958751,Target,Shopping,-76.99,-17433.61,debit,Credit Card,,Los Angeles,XXXX-XXXX-XXXX-1234,T10627,USD,,0.91
2024-09-12 12:21:57.958751,Gym Membership,Health,-37.66,-17471.27,debit,Check,,Denver,XXXX-XXXX-XXXX-1234,T10628,USD,,0.82
2024-09-13 12:21:57.958751,Amazon,Shopping,-100.51,-17571.78,debit,Online Transfer,,Seattle,XXXX-XXXX-XXXX-1234,T10629,EUR,,0.72
2024-09-13 12:21:57.958751,Best Buy,Electronics,266.81,-17304.97,credit,Cash,,Los Angeles,XXXX-XXXX-XXXX-1234,T10630,USD,,0.92
2024-09-14 12:21:57.958751,CVS Pharmacy,Health,-41.8,-17346.77,debit,Online Transfer,,Boston,XXXX-XXXX-XXXX-1234,T10631,USD,,0.89
2024-09-14 12:21:57.958751,Gym Membership,Health,-27.88,-17374.65,debit,Debit Card,,San Francisco,XXXX-XXXX-XXXX-1234,T10632,GBP,,0.7
2024-09-14 12:21:57.958751,Target,Shopping,-106.01,-17480.66,debit,Debit Card,,Los Angeles,XXXX-XXXX-XXXX-1234,T10633,EUR,,0.7
2024-09-15 12:21:57.958751,Walmart,Groceries,-30.0,-17510.66,debit,Cash,,San Francisco,XXXX-XXXX-XXXX-1234,T10634,USD,,0.94
2024-09-15 12:21:57.958751,City Electric,Utilities,-64.87,-17575.53,debit,Credit Card,,New York,XXXX-XXXX-XXXX-1234,T10635,USD,,0.78
2024-09-17 12:21:57.958751,Costco,Groceries,-23.61,-17599.14,debit,Check,,Chicago,XXXX-XXXX-XXXX-1234,T10636,USD,,0.89
2024-09-19 12:21:57.958751,Best Buy,Electronics,-306.54,-17905.68,debit,Online Transfer,,Miami,XXXX-XXXX-XXXX-1234,T10637,EUR,,0.84
2024-09-20 12:21:57.958751,Delta Airlines,Travel,405.89,-17499.79,transfer,Debit Card,,Houston,XXXX-XXXX-XXXX-1234,T10638,EUR,,0.96
2024-09-21 12:21:57.958751,Apple Store,Electronics,-227.08,-17726.87,debit,Credit Card,,Miami,XXXX-XXXX-XXXX-1234,T10639,USD,,0.98
2024-09-22 12:21:57.958751,Gym Membership,Health,-42.59,-17769.46,debit,Cash,,New York,XXXX-XXXX-XXXX-1234,T10640,USD,,1.0
2024-09-23 12:21:57.958751,Netflix,Entertainment,-11.19,-17780.65,debit,Debit Card,,Los Angeles,XXXX-XXXX-XXXX-1234,T10641,EUR,,0.75
2024-09-23 12:21:57.958751,Local Bookstore,Shopping,105.48,-17675.17,credit,Cash,,New York,XXXX-XXXX-XXXX-1234,T10642,USD,,0.96
2024-09-24 12:21:57.958751,Apple Store,Electronics,247.42,-17427.75,credit,Online Transfer,,Miami,XXXX-XXXX-XXXX-1234,T10643,USD,,0.78
2024-09-24 12:21:57.958751,Walmart,Groceries,-12.6,-17440.35,debit,Check,,Miami,XXXX-XXXX-XXXX-1234,T10644,USD,,0.88
2024-09-25 12:21:57.958751,Starbucks,Coffee,-14.8,-17455.15,fee,Debit Card,,Houston,XXXX-XXXX-XXXX-1234,T10645,USD,,0.85
2024-09-25 12:21:57.958751,Netflix,Entertainment,-24.64,-17479.79,debit,Debit Card,,Denver,XXXX-XXXX-XXXX-1234,T10646,USD,,0.71
2024-09-26 12:21:57.958751,Best Buy,Electronics,-137.44,-17617.23,debit,Online Transfer,,Atlanta,XXXX-XXXX-XXXX-1234,T10647,EUR,,0.98
2024-09-26 12:21:57.958751,Amazon,Shopping,-80.08,-17697.31,debit,Credit Card,,New York,XXXX-XXXX-XXXX-1234,T10648,GBP,,0.72
2024-09-26 12:21:57.958751,Walmart,Groceries,-81.08,-17778.39,debit,Check,,Chicago,XXXX-XXXX-XXXX-1234,T10649,USD,,0.91
2024-09-27 12:21:57.958751,City Electric,Utilities,87.23,-17691.16,credit,Debit Card,,Atlanta,XXXX-XXXX-XXXX-1234,T10650,USD,,0.94
2024-09-27 12:21:57.958751,Costco,Groceries,-64.71,-17755.87,debit,Check,,New York,XXXX-XXXX-XXXX-1234,T10651,USD,,0.94
2024-09-27 12:21:57.958751,Water Utility,Utilities,-71.54,-17827.41,debit,Debit Card,,Boston,XXXX-XXXX-XXXX-1234,T10652,USD,,0.74
2024-09-27 12:21:57.958751,Best Buy,Electronics,333.38,-17494.03,credit,Check,,Seattle,XXXX-XXXX-XXXX-1234,T10653,USD,,0.83
2024-09-28 12:21:57.958751,Costco,Groceries,-62.25,-17556.28,debit,Cash,,Seattle,XXXX-XXXX-XXXX-1234,T10654,GBP,,0.95
2024-09-28 12:21:57.958751,Delta Airlines,Travel,-382.15,-17938.43,debit,Debit Card,,Miami,XXXX-XXXX-XXXX-1234,T10655,USD,,0.79
2024-09-29 12:21:57.958751,Airbnb,Travel,-384.95,-18323.38,debit,Check,,Seattle,XXXX-XXXX-XXXX-1234,T10656,USD,,0.84
2024-09-29 12:21:57.958751,CVS Pharmacy,Health,-25.29,-18348.67,debit,Credit Card,,San Francisco,XXXX-XXXX-XXXX-1234,T10657,USD,,0.78
2024-09-29 12:21:57.958751,City Electric,Utilities,-57.63,-18406.3,debit,Cash,,Chicago,XXXX-XXXX-XXXX-1234,T10658,EUR,,0.84
2024-09-30 12:21:57.958751,Airbnb,Travel,-415.39,-18821.69,debit,Cash,,Seattle,XXXX-XXXX-XXXX-1234,T10659,EUR,,0.97
2024-09-30 12:21:57.958751,Best Buy,Electronics,-212.64,-19034.33,debit,Credit Card,,Los Angeles,XXXX-XXXX-XXXX-1234,T10660,GBP,,0.84
2024-09-30 12:21:57.958751,CVS Pharmacy,Health,-14.39,-19048.72,debit,Check,,San Francisco,XXXX-XXXX-XXXX-1234,T10661,EUR,,0.87
2024-10-04 12:21:57.958751,Water Utility,Utilities,132.14,-18916.58,credit,Online Transfer,,Atlanta,XXXX-XXXX-XXXX-1234,T10662,USD,,0.82
2024-10-04 12:21:57.958751,Gym Membership,Health,-52.12,-18968.7,debit,Credit Card,,San Francisco,XXXX-XXXX-XXXX-1234,T10663,USD,,0.84
2024-10-07 12:21:57.958751,Uber,Transport,-25.47,-18994.17,debit,Check,,New York,XXXX-XXXX-XXXX-1234,T10664,USD,,0.7
2024-10-08 12:21:57.958751,Walmart,Groceries,-43.16,-19037.33,debit,Credit Card,,Miami,XXXX-XXXX-XXXX-1234,T10665,USD,,0.79
2024-10-08 12:21:57.958751,Costco,Groceries,-54.97,-19092.3,debit,Credit Card,,Houston,XXXX-XXXX-XXXX-1234,T10666,USD,,0.83
2024-10-08 12:21:57.958751,Walmart,Groceries,-62.94,-19155.24,debit,Debit Card,,Houston,XXXX-XXXX-XXXX-1234,T10667,USD,,0.89
2024-10-11 12:21:57.958751,Gym Membership,Health,-0.58,-19155.82,debit,Check,,Boston,XXXX-XXXX-XXXX-1234,T10668,USD,,0.84
2024-10-11 12:21:57.958751,CVS Pharmacy,Health,-71.97,-19227.79,debit,Online Transfer,,Chicago,XXXX-XXXX-XXXX-1234,T10669,USD,,0.8
2024-10-12 12:21:57.958751,Best Buy,Electronics,-353.48,-19581.27,transfer,Debit Card,,New York,XXXX-XXXX-XXXX-1234,T10670,USD,,0.82
2024-10-13 12:21:57.958751,CVS Pharmacy,Health,-52.79,-19634.06,debit,Credit Card,,Houston,XXXX-XXXX-XXXX-1234,T10671,EUR,,0.77
2024-10-13 12:21:57.958751,Uber,Transport,32.54,-19601.52,credit,Credit Card,,Miami,XXXX-XXXX-XXXX-1234,T10672,USD,,0.98
2024-10-15 12:21:57.958751,City Electric,Utilities,-57.11,-19658.63,debit,Credit Card,,Atlanta,XXXX-XXXX-XXXX-1234,T10673,USD,,0.86
2024-10-15 12:21:57.958751,Costco,Groceries,50.28,-19608.35,credit,Check,,Houston,XXXX-XXXX-XXXX-1234,T10674,USD,,0.7
2024-10-16 12:21:57.958751,Gym Membership,Health,-16.39,-19624.74,debit,Check,,Los Angeles,XXXX-XXXX-XXXX-1234,T10675,USD,,0.71
2024-10-16 12:21:57.958751,Shell Gas,Fuel,49.81,-19574.93,credit,Debit Card,,San Francisco,XXXX-XXXX-XXXX-1234,T10676,USD,,0.99
2024-10-19 12:21:57.958751,Whole Foods,Groceries,-83.03,-19657.96,debit,Online Transfer,,Houston,XXXX-XXXX-XXXX-1234,T10677,USD,,0.77
2024-10-20 12:21:57.958751,Netflix,Entertainment,-12.31,-19670.27,debit,Debit Card,,New York,XXXX-XXXX-XXXX-1234,T10678,USD,,0.94
2024-10-20 12:21:57.958751,Delta Airlines,Travel,-367.44,-20037.71,debit,Cash,,Seattle,XXXX-XXXX-XXXX-1234,T10679,USD,,0.72
2024-10-20 12:21:57.958751,Amazon,Shopping,97.43,-19940.28,credit,Credit Card,,Seattle,XXXX-XXXX-XXXX-1234,T10680,USD,,0.98
2024-10-22 12:21:57.958751,Airbnb,Travel,-329.22,-20269.5,debit,Credit Card,,Atlanta,XXXX-XXXX-XXXX-1234,T10681,USD,,0.96
2024-10-22 12:21:57.958751,Target,Shopping,-162.97,-20432.47,debit,Credit Card,,Seattle,XXXX-XXXX-XXXX-1234,T10682,USD,,0.87
2024-10-23 12:21:57.958751,McDonald's,Dining,-26.86,-20459.33,debit,Debit Card,,Atlanta,XXXX-XXXX-XXXX-1234,T10683,USD,,0.7
2024-10-24 12:21:57.958751,City Electric,Utilities,-16.09,-20475.42,debit,Debit Card,,New York,XXXX-XXXX-XXXX-1234,T10684,USD,,0.78
2024-10-25 12:21:57.958751,Airbnb,Travel,-385.6,-20861.02,debit,Credit Card,,Chicago,XXXX-XXXX-XXXX-1234,T10685,USD,,0.82
2024-10-26 12:21:57.958751,Water Utility,Utilities,-98.11,-20959.13,debit,Debit Card,,Seattle,XXXX-XXXX-XXXX-1234,T10686,USD,,0.84
2024-10-26 12:21:57.958751,Water Utility,Utilities,-10.87,-20970.0,fee,Check,,Boston,XXXX-XXXX-XXXX-1234,T10687,USD,,0.79
2024-10-26 12:21:57.958751,CVS Pharmacy,Health,49.01,-20920.99,credit,Check,,Miami,XXXX-XXXX-XXXX-1234,T10688,USD,,0.71
2024-10-27 12:21:57.958751,Best Buy,Electronics,-5.83,-20926.82,fee,Debit Card,,San Francisco,XXXX-XXXX-XXXX-1234,T10689,USD,,0.88
2024-10-27 12:21:57.958751,Netflix,Entertainment,-15.47,-20942.29,debit,Credit Card,,Seattle,XXXX-XXXX-XXXX-1234,T10690,EUR,,0.86
2024-10-28 12:21:57.958751,Target,Shopping,153.31,-20788.98,credit,Debit Card,,Atlanta,XXXX-XXXX-XXXX-1234,T10691,EUR,,0.78
2024-10-28 12:21:57.958751,McDonald's,Dining,30.12,-20758.86,credit,Debit Card,,New York,XXXX-XXXX-XXXX-1234,T10692,EUR,,0.71
2024-10-29 12:21:57.958751,Starbucks,Coffee,-6.37,-20765.23,debit,Debit Card,,Seattle,XXXX-XXXX-XXXX-1234,T10693,USD,,1.0
2024-10-29 12:21:57.958751,Netflix,Entertainment,-8.38,-20773.61,debit,Cash,,Houston,XXXX-XXXX-XXXX-1234,T10694,USD,,0.84
2024-10-29 12:21:57.958751,Whole Foods,Groceries,-23.99,-20797.6,debit,Check,,Seattle,XXXX-XXXX-XXXX-1234,T10695,USD,,0.93
2024-10-29 12:21:57.958751,Airbnb,Travel,370.31,-20427.29,credit,Online Transfer,,Atlanta,XXXX-XXXX-XXXX-1234,T10696,USD,,0.84
2024-10-31 12:21:57.958751,Target,Shopping,-109.04,-20536.33,debit,Online Transfer,,Los Angeles,XXXX-XXXX-XXXX-1234,T10697,USD,,0.71
2024-10-31 12:21:57.958751,Local Bookstore,Shopping,-94.98,-20631.31,debit,Cash,,Los Angeles,XXXX-XXXX-XXXX-1234,T10698,USD,,0.79
2024-10-31 12:21:57.958751,Whole Foods,Groceries,-29.88,-20661.19,debit,Debit Card,,Seattle,XXXX-XXXX-XXXX-1234,T10699,GBP,,0.8
2024-11-01 12:21:57.958751,City Electric,Utilities,92.45,-20568.74,transfer,Cash,,San Francisco,XXXX-XXXX-XXXX-1234,T10700,USD,,0.95
2024-11-02 12:21:57.958751,Costco,Groceries,64.42,-20504.32,credit,Cash,,New York,XXXX-XXXX-XXXX-1234,T10701,EUR,,0.9
2024-11-02 12:21:57.958751,CVS Pharmacy,Health,7.02,-20497.3,refund,Credit Card,,Boston,XXXX-XXXX-XXXX-1234,T10702,USD,,0.78
2024-11-03 12:21:57.958751,Best Buy,Electronics,-328.09,-20825.39,debit,Check,,Boston,XXXX-XXXX-XXXX-1234,T10703,USD,,0.99
2024-11-03 12:21:57.958751,Delta Airlines,Travel,-200.19,-21025.58,debit,Online Transfer,,Seattle,XXXX-XXXX-XXXX-1234,T10704,USD,,0.8
2024-11-03 12:21:57.958751,Gym Membership,Health,-47.63,-21073.21,debit,Debit Card,,Seattle,XXXX-XXXX-XXXX-1234,T10705,USD,,1.0
2024-11-03 12:21:57.958751,Starbucks,Coffee,-1.83,-21075.04,debit,Online Transfer,,Los Angeles,XXXX-XXXX-XXXX-1234,T10706,EUR,,1.0
2024-11-03 12:21:57.958751,Spotify,Entertainment,-20.02,-21095.06,debit,Online Transfer,,Atlanta,XXXX-XXXX-XXXX-1234,T10707,USD,,0.76
2024-11-03 12:21:57.958751,Airbnb,Travel,-400.79,-21495.85,debit,Check,,San Francisco,XXXX-XXXX-XXXX-1234,T10708,USD,,0.79
2024-11-04 12:21:57.958751,Water Utility,Utilities,-89.41,-21585.26,debit,Online Transfer,,Seattle,XXXX-XXXX-XXXX-1234,T10709,EUR,,0.85
2024-11-04 12:21:57.958751,Starbucks,Coffee,-2.51,-21587.77,debit,Online Transfer,,Boston,XXXX-XXXX-XXXX-1234,T10710,USD,,0.9
2024-11-05 12:21:57.958751,Amazon,Shopping,162.48,-21425.29,transfer,Cash,,New York,XXXX-XXXX-XXXX-1234,T10711,GBP,,0.86
2024-11-05 12:21:57.958751,Starbucks,Coffee,-2.48,-21427.77,debit,Check,,Chicago,XXXX-XXXX-XXXX-1234,T10712,USD,,0.99
2024-11-05 12:21:57.958751,Starbucks,Coffee,5.81,-21421.96,credit,Credit Card,,Houston,XXXX-XXXX-XXXX-1234,T10713,USD,,0.92
2024-11-08 12:21:57.958751,Whole Foods,Groceries,-78.86,-21500.82,debit,Debit Card,,Seattle,XXXX-XXXX-XXXX-1234,T10714,USD,,0.76
2024-11-08 12:21:57.958751,McDonald's,Dining,-18.47,-21519.29,debit,Online Transfer,,Atlanta,XXXX-XXXX-XXXX-1234,T10715,USD,,0.73
2024-11-08 12:21:57.958751,Starbucks,Coffee,-3.08,-21522.37,debit,Debit Card,,Seattle,XXXX-XXXX-XXXX-1234,T10716,USD,,0.91
2024-11-09 12:21:57.958751,McDonald's,Dining,-21.49,-21543.86,debit,Credit Card,,Atlanta,XXXX-XXXX-XXXX-1234,T10717,USD,,0.75
2024-11-10 12:21:57.958751,Gym Membership,Health,-33.0,-21576.86,debit,Debit Card,,San Francisco,XXXX-XXXX-XXXX-1234,T10718,EUR,,0.94
2024-11-10 12:21:57.958751,Uber,Transport,-7.74,-21584.6,debit,Credit Card,,Chicago,XXXX-XXXX-XXXX-1234,T10719,EUR,,0.79
2024-11-10 12:21:57.958751,Amazon,Shopping,-31.25,-21615.85,debit,Cash,,Miami,XXXX-XXXX-XXXX-1234,T10720,USD,,0.8
2024-11-11 12:21:57.958751,Netflix,Entertainment,-4.89,-21620.74,debit,Online Transfer,,New York,XXXX-XXXX-XXXX-1234,T10721,USD,,0.7
2024-11-12 12:21:57.958751,Uber,Transport,-56.0,-21676.74,debit,Credit Card,,New York,XXXX-XXXX-XXXX-1234,T10722,USD,,0.91
2024-11-13 12:21:57.958751,CVS Pharmacy,Health,23.52,-21653.22,refund,Debit Card,,Atlanta,XXXX-XXXX-XXXX-1234,T10723,USD,,0.73
2024-11-14 12:21:57.958751,Water Utility,Utilities,76.64,-21576.58,credit,Online Transfer,,Los Angeles,XXXX-XXXX-XXXX-1234,T10724,USD,,0.93
2024-11-16 12:21:57.958751,Best Buy,Electronics,306.5,-21270.08,credit,Cash,,Atlanta,XXXX-XXXX-XXXX-1234,T10725,USD,,0.85
2024-11-17 12:21:57.958751,Amazon,Shopping,-71.6,-21341.68,debit,Online Transfer,,Los Angeles,XXXX-XXXX-XXXX-1234,T10726,USD,,0.94
2024-11-17 12:21:57.958751,Spotify,Entertainment,22.84,-21318.84,credit,Credit Card,,Denver,XXXX-XXXX-XXXX-1234,T10727,USD,,0.88
2024-11-17 12:21:57.958751,Costco,Groceries,61.2,-21257.64,credit,Cash,,Boston,XXXX-XXXX-XXXX-1234,T10728,GBP,,0.72
2024-11-17 12:21:57.958751,City Electric,Utilities,-50.29,-21307.93,debit,Debit Card,,New York,XXXX-XXXX-XXXX-1234,T10729,USD,,0.93
2024-11-18 12:21:57.958751,Airbnb,Travel,190.79,-21117.14,refund,Cash,,San Francisco,XXXX-XXXX-XXXX-1234,T10730,USD,,0.72
2024-11-18 12:21:57.958751,Target,Shopping,-106.88,-21224.02,debit,Cash,,Atlanta,XXXX-XXXX-XXXX-1234,T10731,USD,,0.84
2024-11-18 12:21:57.958751,Walmart,Groceries,37.37,-21186.65,transfer,Check,,San Francisco,XXXX-XXXX-XXXX-1234,T10732,USD,,0.75
2024-11-23 12:21:57.958751,Netflix,Entertainment,-25.64,-21212.29,transfer,Cash,,Chicago,XXXX-XXXX-XXXX-1234,T10733,USD,,0.93
2024-11-24 12:21:57.958751,Whole Foods,Groceries,-65.87,-21278.16,debit,Cash,,San Francisco,XXXX-XXXX-XXXX-1234,T10734,USD,,0.97
2024-11-24 12:21:57.958751,Netflix,Entertainment,-32.94,-21311.1,debit,Online Transfer,,Seattle,XXXX-XXXX-XXXX-1234,T10735,EUR,,0.87
2024-11-26 12:21:57.958751,Whole Foods,Groceries,-11.91,-21323.01,fee,Debit Card,,Boston,XXXX-XXXX-XXXX-1234,T10736,USD,,0.86
2024-11-29 12:21:57.958751,Uber,Transport,-25.57,-21348.58,debit,Online Transfer,,Seattle,XXXX-XXXX-XXXX-1234,T10737,USD,,0.93
2024-11-30 12:21:57.958751,Whole Foods,Groceries,-41.54,-21390.12,debit,Online Transfer,,Houston,XXXX-XXXX-XXXX-1234,T10738,GBP,,0.7
2024-12-02 12:21:57.958751,Water Utility,Utilities,-11.17,-21401.29,fee,Credit Card,,Atlanta,XXXX-XXXX-XXXX-1234,T10739,EUR,,0.98
2024-12-03 12:21:57.958751,Costco,Groceries,-35.32,-21436.61,debit,Online Transfer,,New York,XXXX-XXXX-XXXX-1234,T10740,USD,,0.76
2024-12-04 12:21:57.958751,Airbnb,Travel,-374.41,-21811.02,debit,Check,,Atlanta,XXXX-XXXX-XXXX-1234,T10741,USD,,1.0
2024-12-05 12:21:57.958751,Airbnb,Travel,-85.11,-21896.13,debit,Check,,Boston,XXXX-XXXX-XXXX-1234,T10742,USD,,0.92
2024-12-07 12:21:57.958751,Water Utility,Utilities,-65.23,-21961.36,debit,Credit Card,,Miami,XXXX-XXXX-XXXX-1234,T10743,USD,,0.93
2024-12-08 12:21:57.958751,Gym Membership,Health,-47.86,-22009.22,debit,Debit Card,,Miami,XXXX-XXXX-XXXX-1234,T10744,USD,,0.9
2024-12-08 12:21:57.958751,Best Buy,Electronics,-236.91,-22246.13,debit,Debit Card,,Houston,XXXX-XXXX-XXXX-1234,T10745,USD,,0.84
2024-12-09 12:21:57.958751,Uber,Transport,-19.22,-22265.35,debit,Online Transfer,,Boston,XXXX-XXXX-XXXX-1234,T10746,USD,,0.87
2024-12-09 12:21:57.958751,Target,Shopping,-88.4,-22353.75,debit,Online Transfer,,Denver,XXXX-XXXX-XXXX-1234,T10747,USD,,0.71
2024-12-09 12:21:57.958751,Gym Membership,Health,52.87,-22300.88,credit,Online Transfer,,Denver,XXXX-XXXX-XXXX-1234,T10748,USD,,0.89
2024-12-10 12:21:57.958751,Delta Airlines,Travel,-118.44,-22419.32,debit,Debit Card,,Denver,XXXX-XXXX-XXXX-1234,T10749,USD,,0.89
2024-12-10 12:21:57.958751,Shell Gas,Fuel,-15.91,-22435.23,debit,Cash,,New York,XXXX-XXXX-XXXX-1234,T10750,USD,,0.97
2024-12-12 12:21:57.958751,Netflix,Entertainment,-8.03,-22443.26,debit,Check,,New York,XXXX-XXXX-XXXX-1234,T10751,USD,,0.85
2024-12-13 12:21:57.958751,Walmart,Groceries,-49.73,-22492.99,debit,Cash,,Denver,XXXX-XXXX-XXXX-1234,T10752,USD,,0.72
2024-12-13 12:21:57.958751,Whole Foods,Groceries,-16.08,-22509.07,debit,Cash,,Miami,XXXX-XXXX-XXXX-1234,T10753,USD,,0.79
2024-12-13 12:21:57.958751,Spotify,Entertainment,-22.15,-22531.22,debit,Debit Card,,Boston,XXXX-XXXX-XXXX-1234,T10754,USD,,0.9
2024-12-16 12:21:57.958751,CVS Pharmacy,Health,-36.32,-22567.54,transfer,Cash,,San Francisco,XXXX-XXXX-XXXX-1234,T10755,USD,,0.77
2024-12-16 12:21:57.958751,Target,Shopping,-171.37,-22738.91,debit,Credit Card,,Boston,XXXX-XXXX-XXXX-1234,T10756,USD,,0.78
2024-12-18 12:21:57.958751,Water Utility,Utilities,-59.27,-22798.18,debit,Online Transfer,,Denver,XXXX-XXXX-XXXX-1234,T10757,USD,,0.95
2024-12-18 12:21:57.958751,Costco,Groceries,-68.91,-22867.09,debit,Credit Card,,Boston,XXXX-XXXX-XXXX-1234,T10758,EUR,,0.88
2024-12-18 12:21:57.958751,Costco,Groceries,-2.15,-22869.24,debit,Check,,Chicago,XXXX-XXXX-XXXX-1234,T10759,EUR,,0.85
2024-12-18 12:21:57.958751,McDonald's,Dining,-26.59,-22895.83,debit,Online Transfer,,New York,XXXX-XXXX-XXXX-1234,T10760,USD,,0.8
2024-12-19 12:21:57.958751,McDonald's,Dining,-11.96,-22907.79,debit,Cash,,New York,XXXX-XXXX-XXXX-1234,T10761,USD,,0.92
2024-12-20 12:21:57.958751,Local Bookstore,Shopping,-115.37,-23023.16,debit,Check,,Miami,XXXX-XXXX-XXXX-1234,T10762,USD,,0.79
2024-12-21 12:21:57.958751,Local Bookstore,Shopping,112.57,-22910.59,credit,Online Transfer,,San Francisco,XXXX-XXXX-XXXX-1234,T10763,USD,,0.92
2024-12-22 12:21:57.958751,CVS Pharmacy,Health,-58.11,-22968.7,debit,Cash,,Denver,XXXX-XXXX-XXXX-1234,T10764,USD,,0.72
2024-12-23 12:21:57.958751,Shell Gas,Fuel,-22.51,-22991.21,debit,Credit Card,,Atlanta,XXXX-XXXX-XXXX-1234,T10765,GBP,,0.96
2024-12-24 12:21:57.958751,McDonald's,Dining,-26.28,-23017.49,debit,Online Transfer,,Miami,XXXX-XXXX-XXXX-1234,T10766,USD,,0.85
2024-12-25 12:21:57.958751,Airbnb,Travel,-258.07,-23275.56,debit,Cash,,Miami,XXXX-XXXX-XXXX-1234,T10767,USD,,0.83
2024-12-25 12:21:57.958751,Local Bookstore,Shopping,-92.08,-23367.64,debit,Credit Card,,San Francisco,XXXX-XXXX-XXXX-1234,T10768,EUR,,0.88
2024-12-25 12:21:57.958751,Costco,Groceries,-45.4,-23413.04,debit,Check,,Seattle,XXXX-XXXX-XXXX-1234,T10769,GBP,,0.89
2024-12-26 12:21:57.958751,Water Utility,Utilities,-43.29,-23456.33,debit,Check,,Denver,XXXX-XXXX-XXXX-1234,T10770,EUR,,0.74
2024-12-26 12:21:57.958751,Netflix,Entertainment,-14.89,-23471.22,debit,Check,,Atlanta,XXXX-XXXX-XXXX-1234,T10771,USD,,0.93
2024-12-26 12:21:57.958751,Water Utility,Utilities,-72.65,-23543.87,debit,Check,,New York,XXXX-XXXX-XXXX-1234,T10772,USD,,0.78
2024-12-27 12:21:57.958751,Local Bookstore,Shopping,-112.06,-23655.93,debit,Debit Card,,San Francisco,XXXX-XXXX-XXXX-1234,T10773,USD,,0.97
2024-12-27 12:21:57.958751,Apple Store,Electronics,-208.45,-23864.38,debit,Online Transfer,,Atlanta,XXXX-XXXX-XXXX-1234,T10774,USD,,0.95
2024-12-27 12:21:57.958751,Whole Foods,Groceries,-69.95,-23934.33,debit,Online Transfer,,Chicago,XXXX-XXXX-XXXX-1234,T10775,USD,,0.8
2024-12-28 12:21:57.958751,Walmart,Groceries,-73.09,-24007.42,debit,Debit Card,,Miami,XXXX-XXXX-XXXX-1234,T10776,USD,,0.94
2024-12-28 12:21:57.958751,Spotify,Entertainment,14.62,-23992.8,transfer,Cash,,San Francisco,XXXX-XXXX-XXXX-1234,T10777,GBP,,0.81
2024-12-28 12:21:57.958751,Local Bookstore,Shopping,-72.91,-24065.71,debit,Cash,,New York,XXXX-XXXX-XXXX-1234,T10778,USD,,0.73
2024-12-28 12:21:57.958751,Walmart,Groceries,59.18,-24006.53,credit,Check,,Boston,XXXX-XXXX-XXXX-1234,T10779,USD,,0.99
2024-12-29 12:21:57.958751,Best Buy,Electronics,-221.45,-24227.98,debit,Credit Card,,New York,XXXX-XXXX-XXXX-1234,T10780,USD,,0.9
2024-12-31 12:21:57.958751,Starbucks,Coffee,-9.37,-24237.35,debit,Cash,,Chicago,XXXX-XXXX-XXXX-1234,T10781,USD,,0.84
2025-01-01 12:21:57.958751,Uber,Transport,-22.28,-24259.63,debit,Credit Card,,San Francisco,XXXX-XXXX-XXXX-1234,T10782,USD,,0.82
2025-01-01 12:21:57.958751,Costco,Groceries,-45.84,-24305.47,debit,Online Transfer,,Chicago,XXXX-XXXX-XXXX-1234,T10783,USD,,0.8
2025-01-03 12:21:57.958751,City Electric,Utilities,-116.18,-24421.65,debit,Credit Card,,Denver,XXXX-XXXX-XXXX-1234,T10784,USD,,0.99
2025-01-03 12:21:57.958751,Gym Membership,Health,-45.85,-24467.5,transfer,Online Transfer,,Denver,XXXX-XXXX-XXXX-1234,T10785,EUR,,0.74
2025-01-04 12:21:57.958751,Apple Store,Electronics,-205.05,-24672.55,debit,Debit Card,,Boston,XXXX-XXXX-XXXX-1234,T10786,USD,,0.79
2025-01-05 12:21:57.958751,Shell Gas,Fuel,-89.8,-24762.35,transfer,Debit Card,,Miami,XXXX-XXXX-XXXX-1234,T10787,GBP,,0.85
2025-01-05 12:21:57.958751,Costco,Groceries,-55.42,-24817.77,debit,Check,,Seattle,XXXX-XXXX-XXXX-1234,T10788,USD,,0.84
2025-01-05 12:21:57.958751,Gym Membership,Health,32.05,-24785.72,credit,Cash,,Los Angeles,XXXX-XXXX-XXXX-1234,T10789,USD,,0.84
2025-01-06 12:21:57.958751,Water Utility,Utilities,-34.75,-24820.47,debit,Check,,Atlanta,XXXX-XXXX-XXXX-1234,T10790,USD,,0.75
2025-01-06 12:21:57.958751,City Electric,Utilities,103.47,-24717.0,credit,Online Transfer,,Chicago,XXXX-XXXX-XXXX-1234,T10791,USD,,0.74
2025-01-08 12:21:57.958751,Local Bookstore,Shopping,-90.0,-24807.0,debit,Check,,Atlanta,XXXX-XXXX-XXXX-1234,T10792,USD,,0.78
2025-01-09 12:21:57.958751,Whole Foods,Groceries,-56.23,-24863.23,debit,Credit Card,,Boston,XXXX-XXXX-XXXX-1234,T10793,USD,,0.97
2025-01-09 12:21:57.958751,Shell Gas,Fuel,-59.56,-24922.79,debit,Online Transfer,,Atlanta,XXXX-XXXX-XXXX-1234,T10794,EUR,,0.73
2025-01-11 12:21:57.958751,Amazon,Shopping,74.61,-24848.18,credit,Debit Card,,Atlanta,XXXX-XXXX-XXXX-1234,T10795,EUR,,0.93
2025-01-11 12:21:57.958751,Shell Gas,Fuel,-67.94,-24916.12,debit,Cash,,New York,XXXX-XXXX-XXXX-1234,T10796,USD,,0.93
2025-01-12 12:21:57.958751,Amazon,Shopping,149.08,-24767.04,credit,Online Transfer,,San Francisco,XXXX-XXXX-XXXX-1234,T10797,EUR,,0.94
2025-01-13 12:21:57.958751,Best Buy,Electronics,-5.44,-24772.48,debit,Online Transfer,,Miami,XXXX-XXXX-XXXX-1234,T10798,USD,,0.97
2025-01-18 12:21:57.958751,Amazon,Shopping,190.59,-24581.89,credit,Credit Card,,Los Angeles,XXXX-XXXX-XXXX-1234,T10799,EUR,,0.78
2025-01-19 12:21:57.958751,Shell Gas,Fuel,51.86,-24530.03,credit,Cash,,San Francisco,XXXX-XXXX-XXXX-1234,T10800,USD,,0.77
2025-01-24 12:21:57.958751,Netflix,Entertainment,15.85,-24514.18,credit,Debit Card,,New York,XXXX-XXXX-XXXX-1234,T10801,USD,,0.84
2025-01-25 12:21:57.958751,Uber,Transport,-31.49,-24545.67,debit,Online Transfer,,Atlanta,XXXX-XXXX-XXXX-1234,T10802,EUR,,0.78
2025-01-26 12:21:57.958751,Spotify,Entertainment,-7.67,-24553.34,debit,Online Transfer,,Los Angeles,XXXX-XXXX-XXXX-1234,T10803,USD,,0.92
2025-01-27 12:21:57.958751,Local Bookstore,Shopping,60.92,-24492.42,refund,Credit Card,,New York,XXXX-XXXX-XXXX-1234,T10804,EUR,,0.89
2025-01-27 12:21:57.958751,Local Bookstore,Shopping,-60.33,-24552.75,debit,Check,,New York,XXXX-XXXX-XXXX-1234,T10805,USD,,0.96
2025-02-01 12:21:57.958751,Costco,Groceries,-100.51,-24653.26,debit,Debit Card,,New York,XXXX-XXXX-XXXX-1234,T10806,USD,,0.72
2025-02-01 12:21:57.958751,Walmart,Groceries,-51.5,-24704.76,debit,Cash,,Denver,XXXX-XXXX-XXXX-1234,T10807,USD,,0.97
2025-02-02 12:21:57.958751,McDonald's,Dining,27.9,-24676.86,credit,Online Transfer,,Los Angeles,XXXX-XXXX-XXXX-1234,T10808,USD,,0.79
2025-02-04 12:21:57.958751,Water Utility,Utilities,-45.52,-24722.38,debit,Online Transfer,,New York,XXXX-XXXX-XXXX-1234,T10809,USD,,0.85
2025-02-04 12:21:57.958751,Airbnb,Travel,-422.47,-25144.85,debit,Debit Card,,Seattle,XXXX-XXXX-XXXX-1234,T10810,EUR,,0.83
2025-02-05 12:21:57.958751,Best Buy,Electronics,239.25,-24905.6,credit,Check,,Atlanta,XXXX-XXXX-XXXX-1234,T10811,USD,,0.93
2025-02-06 12:21:57.958751,Starbucks,Coffee,-1.47,-24907.07,debit,Online Transfer,,Los Angeles,XXXX-XXXX-XXXX-1234,T10812,EUR,,0.83
2025-02-07 12:21:57.958751,Walmart,Groceries,-69.03,-24976.1,transfer,Debit Card,,Denver,XXXX-XXXX-XXXX-1234,T10813,EUR,,0.98
2025-02-07 12:21:57.958751,Airbnb,Travel,-322.04,-25298.14,debit,Credit Card,,Chicago,XXXX-XXXX-XXXX-1234,T10814,USD,,0.97
2025-02-07 12:21:57.958751,Shell Gas,Fuel,-29.56,-25327.7,debit,Check,,Chicago,XXXX-XXXX-XXXX-1234,T10815,EUR,,0.96
2025-02-08 12:21:57.958751,Delta Airlines,Travel,-761.53,-26089.23,debit,Cash,,Miami,XXXX-XXXX-XXXX-1234,T10816,GBP,,0.72
2025-02-08 12:21:57.958751,Spotify,Entertainment,-25.2,-26114.43,debit,Online Transfer,,Houston,XXXX-XXXX-XXXX-1234,T10817,EUR,,0.96
2025-02-09 12:21:57.958751,Costco,Groceries,-79.61,-26194.04,transfer,Debit Card,,Seattle,XXXX-XXXX-XXXX-1234,T10818,EUR,,0.93
2025-02-09 12:21:57.958751,CVS Pharmacy,Health,-52.23,-26246.27,debit,Credit Card,,Chicago,XXXX-XXXX-XXXX-1234,T10819,GBP,,0.73
2025-02-10 12:21:57.958751,CVS Pharmacy,Health,-56.31,-26302.58,debit,Cash,,Denver,XXXX-XXXX-XXXX-1234,T10820,USD,,0.73
2025-02-10 12:21:57.958751,Amazon,Shopping,-54.05,-26356.63,debit,Debit Card,,Houston,XXXX-XXXX-XXXX-1234,T10821,USD,,0.73
2025-02-11 12:21:57.958751,Apple Store,Electronics,-153.4,-26510.03,debit,Debit Card,,New York,XXXX-XXXX-XXXX-1234,T10822,EUR,,0.7
2025-02-12 12:21:57.958751,Apple Store,Electronics,-605.26,-27115.29,debit,Cash,,New York,XXXX-XXXX-XXXX-1234,T10823,USD,,0.86
2025-02-12 12:21:57.958751,Netflix,Entertainment,-13.12,-27128.41,debit,Credit Card,,Boston,XXXX-XXXX-XXXX-1234,T10824,USD,,0.99
2025-02-13 12:21:57.958751,McDonald's,Dining,-11.18,-27139.59,debit,Credit Card,,Atlanta,XXXX-XXXX-XXXX-1234,T10825,USD,,0.83
2025-02-13 12:21:57.958751,Whole Foods,Groceries,49.26,-27090.33,credit,Check,,Houston,XXXX-XXXX-XXXX-1234,T10826,EUR,,0.86
2025-02-13 12:21:57.958751,Best Buy,Electronics,-175.59,-27265.92,debit,Online Transfer,,Atlanta,XXXX-XXXX-XXXX-1234,T10827,USD,,0.99
2025-02-13 12:21:57.958751,CVS Pharmacy,Health,-28.13,-27294.05,debit,Cash,,Denver,XXXX-XXXX-XXXX-1234,T10828,GBP,,0.78
2025-02-13 12:21:57.958751,Uber,Transport,-22.07,-27316.12,debit,Cash,,Seattle,XXXX-XXXX-XXXX-1234,T10829,USD,,0.96
2025-02-13 12:21:57.958751,Gym Membership,Health,41.78,-27274.34,credit,Cash,,Houston,XXXX-XXXX-XXXX-1234,T10830,USD,,0.86
2025-02-15 12:21:57.958751,Amazon,Shopping,-98.58,-27372.92,debit,Credit Card,,Chicago,XXXX-XXXX-XXXX-1234,T10831,USD,,0.87
2025-02-17 12:21:57.958751,Uber,Transport,-13.06,-27385.98,debit,Online Transfer,,Seattle,XXXX-XXXX-XXXX-1234,T10832,USD,,0.8
2025-02-20 12:21:57.958751,Netflix,Entertainment,-17.77,-27403.75,debit,Check,,Boston,XXXX-XXXX-XXXX-1234,T10833,USD,,0.87
2025-02-20 12:21:57.958751,City Electric,Utilities,39.32,-27364.43,refund,Debit Card,,Atlanta,XXXX-XXXX-XXXX-1234,T10834,GBP,,0.72
2025-02-23 12:21:57.958751,Amazon,Shopping,-124.83,-27489.26,debit,Debit Card,,Atlanta,XXXX-XXXX-XXXX-1234,T10835,EUR,,0.93
2025-02-23 12:21:57.958751,Walmart,Groceries,34.28,-27454.98,credit,Cash,,Seattle,XXXX-XXXX-XXXX-1234,T10836,USD,,0.79
2025-02-24 12:21:57.958751,Apple Store,Electronics,-215.68,-27670.66,debit,Online Transfer,,New York,XXXX-XXXX-XXXX-1234,T10837,USD,,0.97
2025-02-24 12:21:57.958751,Apple Store,Electronics,-1.44,-27672.1,debit,Credit Card,,Atlanta,XXXX-XXXX-XXXX-1234,T10838,EUR,,0.81
2025-02-24 12:21:57.958751,Starbucks,Coffee,5.74,-27666.36,credit,Online Transfer,,Boston,XXXX-XXXX-XXXX-1234,T10839,GBP,,0.74
2025-02-25 12:21:57.958751,Airbnb,Travel,-398.69,-28065.05,debit,Online Transfer,,Chicago,XXXX-XXXX-XXXX-1234,T10840,USD,,0.91
2025-02-25 12:21:57.958751,Costco,Groceries,75.69,-27989.36,credit,Credit Card,,Los Angeles,XXXX-XXXX-XXXX-1234,T10841,USD,,0.75
2025-02-25 12:21:57.958751,Shell Gas,Fuel,54.92,-27934.44,transfer,Cash,,Chicago,XXXX-XXXX-XXXX-1234,T10842,USD,,0.93
2025-02-26 12:21:57.958751,McDonald's,Dining,18.2,-27916.24,credit,Online Transfer,,Chicago,XXXX-XXXX-XXXX-1234,T10843,EUR,,0.99
2025-02-26 12:21:57.958751,Best Buy,Electronics,-320.89,-28237.13,debit,Debit Card,,Atlanta,XXXX-XXXX-XXXX-1234,T10844,USD,,0.93
2025-02-28 12:21:57.958751,Target,Shopping,100.16,-28136.97,credit,Credit Card,,San Francisco,XXXX-XXXX-XXXX-1234,T10845,USD,,0.71
2025-02-28 12:21:57.958751,Spotify,Entertainment,-11.76,-28148.73,debit,Check,,New York,XXXX-XXXX-XXXX-1234,T10846,USD,,0.88
2025-03-03 12:21:57.958751,Walmart,Groceries,65.67,-28083.06,credit,Cash,,Atlanta,XXXX-XXXX-XXXX-1234,T10847,EUR,,0.91
2025-03-05 12:21:57.958751,CVS Pharmacy,Health,-10.91,-28093.97,debit,Credit Card,,New York,XXXX-XXXX-XXXX-1234,T10848,USD,,0.95
2025-03-06 12:21:57.958751,Delta Airlines,Travel,229.45,-27864.52,credit,Check,,Denver,XXXX-XXXX-XXXX-1234,T10849,USD,,0.72
2025-03-06 12:21:57.958751,Spotify,Entertainment,-17.86,-27882.38,debit,Check,,San Francisco,XXXX-XXXX-XXXX-1234,T10850,USD,,0.84
2025-03-06 12:21:57.958751,Spotify,Entertainment,-11.66,-27894.04,debit,Online Transfer,,Atlanta,XXXX-XXXX-XXXX-1234,T10851,USD,,0.86
2025-03-06 12:21:57.958751,Costco,Groceries,-27.46,-27921.5,debit,Online Transfer,,Miami,XXXX-XXXX-XXXX-1234,T10852,USD,,0.75
2025-03-08 12:21:57.958751,Whole Foods,Groceries,69.05,-27852.45,credit,Online Transfer,,Chicago,XXXX-XXXX-XXXX-1234,T10853,EUR,,0.8
2025-03-10 12:21:57.958751,Starbucks,Coffee,-2.97,-27855.42,debit,Credit Card,,Denver,XXXX-XXXX-XXXX-1234,T10854,EUR,,0.83
2025-03-10 12:21:57.958751,Apple Store,Electronics,-172.55,-28027.97,debit,Credit Card,,San Francisco,XXXX-XXXX-XXXX-1234,T10855,EUR,,0.95
2025-03-10 12:21:57.958751,Gym Membership,Health,32.59,-27995.38,credit,Cash,,Atlanta,XXXX-XXXX-XXXX-1234,T10856,EUR,,0.98
2025-03-11 12:21:57.958751,Airbnb,Travel,-345.52,-28340.9,debit,Online Transfer,,Boston,XXXX-XXXX-XXXX-1234,T10857,USD,,0.89
2025-03-11 12:21:57.958751,Target,Shopping,-166.6,-28507.5,debit,Check,,Seattle,XXXX-XXXX-XXXX-1234,T10858,EUR,,0.82
2025-03-12 12:21:57.958751,Costco,Groceries,-3.47,-28510.97,debit,Debit Card,,Seattle,XXXX-XXXX-XXXX-1234,T10859,USD,,0.78
2025-03-12 12:21:57.958751,Starbucks,Coffee,-5.28,-28516.25,debit,Cash,,New York,XXXX-XXXX-XXXX-1234,T10860,USD,,0.99
2025-03-12 12:21:57.958751,Gym Membership,Health,-49.99,-28566.24,debit,Credit Card,,San Francisco,XXXX-XXXX-XXXX-1234,T10861,GBP,,0.99
2025-03-13 12:21:57.958751,Target,Shopping,-78.93,-28645.17,debit,Cash,,Chicago,XXXX-XXXX-XXXX-1234,T10862,USD,,0.98
2025-03-13 12:21:57.958751,Apple Store,Electronics,-86.9,-28732.07,debit,Cash,,Chicago,XXXX-XXXX-XXXX-1234,T10863,USD,,0.94
2025-03-14 12:21:57.958751,Best Buy,Electronics,-242.1,-28974.17,debit,Cash,,Los Angeles,XXXX-XXXX-XXXX-1234,T10864,USD,,0.8
2025-03-14 12:21:57.958751,Apple Store,Electronics,300.1,-28674.07,credit,Cash,,Seattle,XXXX-XXXX-XXXX-1234,T10865,USD,,0.95
2025-03-15 12:21:57.958751,Costco,Groceries,-72.26,-28746.33,debit,Debit Card,,Denver,XXXX-XXXX-XXXX-1234,T10866,USD,,0.82
2025-03-17 12:21:57.958751,Apple Store,Electronics,-236.59,-28982.92,debit,Online Transfer,,San Francisco,XXXX-XXXX-XXXX-1234,T10867,EUR,,0.8
2025-03-17 12:21:57.958751,City Electric,Utilities,-70.62,-29053.54,transfer,Check,,Chicago,XXXX-XXXX-XXXX-1234,T10868,GBP,,0.92
2025-03-17 12:21:57.958751,City Electric,Utilities,-99.41,-29152.95,debit,Cash,,Los Angeles,XXXX-XXXX-XXXX-1234,T10869,USD,,0.72
2025-03-18 12:21:57.958751,Costco,Groceries,-68.12,-29221.07,debit,Cash,,San Francisco,XXXX-XXXX-XXXX-1234,T10870,USD,,0.71
2025-03-18 12:21:57.958751,Best Buy,Electronics,187.09,-29033.98,credit,Cash,,Houston,XXXX-XXXX-XXXX-1234,T10871,USD,,0.83
2025-03-19 12:21:57.958751,Best Buy,Electronics,-358.74,-29392.72,transfer,Online Transfer,,Chicago,XXXX-XXXX-XXXX-1234,T10872,EUR,,0.83
2025-03-20 12:21:57.958751,Netflix,Entertainment,24.36,-29368.36,credit,Credit Card,,Houston,XXXX-XXXX-XXXX-1234,T10873,USD,,0.97
2025-03-20 12:21:57.958751,Costco,Groceries,66.71,-29301.65,credit,Credit Card,,San Francisco,XXXX-XXXX-XXXX-1234,T10874,USD,,0.74
2025-03-20 12:21:57.958751,Gym Membership,Health,36.74,-29264.91,credit,Debit Card,,Chicago,XXXX-XXXX-XXXX-1234,T10875,USD,,0.74
2025-03-21 12:21:57.958751,Water Utility,Utilities,-58.18,-29323.09,debit,Credit Card,,Houston,XXXX-XXXX-XXXX-1234,T10876,USD,,0.74
2025-03-22 12:21:57.958751,CVS Pharmacy,Health,44.5,-29278.59,credit,Cash,,Miami,XXXX-XXXX-XXXX-1234,T10877,USD,,0.71
2025-03-24 12:21:57.958751,Amazon,Shopping,-35.47,-29314.06,debit,Cash,,Los Angeles,XXXX-XXXX-XXXX-1234,T10878,EUR,,0.72
2025-03-25 12:21:57.958751,Whole Foods,Groceries,71.42,-29242.64,transfer,Cash,,Denver,XXXX-XXXX-XXXX-1234,T10879,USD,,0.9
2025-03-25 12:21:57.958751,Apple Store,Electronics,-124.43,-29367.07,debit,Debit Card,,Seattle,XXXX-XXXX-XXXX-1234,T10880,USD,,0.83
2025-03-26 12:21:57.958751,Gym Membership,Health,-29.07,-29396.14,debit,Cash,,Los Angeles,XXXX-XXXX-XXXX-1234,T10881,USD,,0.93
2025-03-26 12:21:57.958751,Starbucks,Coffee,-3.92,-29400.06,debit,Credit Card,,Houston,XXXX-XXXX-XXXX-1234,T10882,EUR,,1.0
2025-03-27 12:21:57.958751,Walmart,Groceries,58.44,-29341.62,credit,Online Transfer,,Chicago,XXXX-XXXX-XXXX-1234,T10883,USD,,0.9
2025-03-28 12:21:57.958751,Netflix,Entertainment,-16.82,-29358.44,debit,Online Transfer,,Miami,XXXX-XXXX-XXXX-1234,T10884,USD,,0.72
2025-03-28 12:21:57.958751,Apple Store,Electronics,275.19,-29083.25,credit,Check,,Miami,XXXX-XXXX-XXXX-1234,T10885,USD,,0.73
2025-03-28 12:21:57.958751,Apple Store,Electronics,356.25,-28727.0,credit,Credit Card,,Seattle,XXXX-XXXX-XXXX-1234,T10886,USD,,0.96
2025-03-29 12:21:57.958751,Starbucks,Coffee,-1.65,-28728.65,debit,Cash,,Miami,XXXX-XXXX-XXXX-1234,T10887,EUR,,0.86
2025-03-29 12:21:57.958751,City Electric,Utilities,86.23,-28642.42,credit,Online Transfer,,Los Angeles,XXXX-XXXX-XXXX-1234,T10888,USD,,0.95
2025-03-30 12:21:57.958751,Local Bookstore,Shopping,79.07,-28563.35,credit,Credit Card,,Atlanta,XXXX-XXXX-XXXX-1234,T10889,GBP,,0.96
2025-03-31 12:21:57.958751,CVS Pharmacy,Health,-28.26,-28591.61,debit,Online Transfer,,Miami,XXXX-XXXX-XXXX-1234,T10890,USD,,0.98
2025-03-31 12:21:57.958751,Costco,Groceries,-72.02,-28663.63,debit,Cash,,Seattle,XXXX-XXXX-XXXX-1234,T10891,EUR,,0.98
2025-03-31 12:21:57.958751,Spotify,Entertainment,-23.98,-28687.61,debit,Online Transfer,,Miami,XXXX-XXXX-XXXX-1234,T10892,USD,,0.87
2025-03-31 12:21:57.958751,Gym Membership,Health,-56.78,-28744.39,debit,Check,,Miami,XXXX-XXXX-XXXX-1234,T10893,EUR,,0.8
2025-03-31 12:21:57.958751,Water Utility,Utilities,-121.32,-28865.71,debit,Check,,Boston,XXXX-XXXX-XXXX-1234,T10894,USD,,0.99
2025-04-01 12:21:57.958751,Target,Shopping,141.3,-28724.41,transfer,Online Transfer,,Los Angeles,XXXX-XXXX-XXXX-1234,T10895,USD,,0.86
2025-04-01 12:21:57.958751,Amazon,Shopping,-37.05,-28761.46,debit,Credit Card,,Houston,XXXX-XXXX-XXXX-1234,T10896,EUR,,0.72
2025-04-03 12:21:57.958751,Water Utility,Utilities,107.71,-28653.75,credit,Credit Card,,New York,XXXX-XXXX-XXXX-1234,T10897,USD,,0.89
2025-04-03 12:21:57.958751,Uber,Transport,-37.8,-28691.55,debit,Credit Card,,Atlanta,XXXX-XXXX-XXXX-1234,T10898,USD,,0.88
2025-04-04 12:21:57.958751,Best Buy,Electronics,-159.66,-28851.21,debit,Online Transfer,,Miami,XXXX-XXXX-XXXX-1234,T10899,USD,,0.97
2025-04-04 12:21:57.958751,Target,Shopping,134.67,-28716.54,credit,Credit Card,,Denver,XXXX-XXXX-XXXX-1234,T10900,USD,,0.9
2025-04-04 12:21:57.958751,Water Utility,Utilities,79.73,-28636.81,credit,Cash,,Miami,XXXX-XXXX-XXXX-1234,T10901,USD,,0.8
2025-04-05 12:21:57.958751,Costco,Groceries,-88.22,-28725.03,debit,Check,,Boston,XXXX-XXXX-XXXX-1234,T10902,USD,,0.99
2025-04-05 12:21:57.958751,Netflix,Entertainment,-17.74,-28742.77,debit,Cash,,Houston,XXXX-XXXX-XXXX-1234,T10903,USD,,0.94
2025-04-05 12:21:57.958751,Gym Membership,Health,-18.95,-28761.72,debit,Credit Card,,Denver,XXXX-XXXX-XXXX-1234,T10904,EUR,,0.89
2025-04-05 12:21:57.958751,McDonald's,Dining,-26.7,-28788.42,debit,Cash,,Atlanta,XXXX-XXXX-XXXX-1234,T10905,USD,,0.79
2025-04-05 12:21:57.958751,Gym Membership,Health,-53.53,-28841.95,debit,Credit Card,,Denver,XXXX-XXXX-XXXX-1234,T10906,EUR,,0.81
2025-04-06 12:21:57.958751,Delta Airlines,Travel,-329.72,-29171.67,debit,Online Transfer,,Los Angeles,XXXX-XXXX-XXXX-1234,T10907,GBP,,0.9
2025-04-07 12:21:57.958751,Water Utility,Utilities,-92.98,-29264.65,debit,Cash,,Seattle,XXXX-XXXX-XXXX-1234,T10908,USD,,0.72
2025-04-08 12:21:57.958751,Spotify,Entertainment,17.69,-29246.96,credit,Online Transfer,,Seattle,XXXX-XXXX-XXXX-1234,T10909,USD,,0.78
2025-04-09 12:21:57.958751,Airbnb,Travel,-129.86,-29376.82,debit,Online Transfer,,Atlanta,XXXX-XXXX-XXXX-1234,T10910,USD,,0.91
2025-04-11 12:21:57.958751,Water Utility,Utilities,-69.31,-29446.13,debit,Debit Card,,Houston,XXXX-XXXX-XXXX-1234,T10911,USD,,0.84
2025-04-11 12:21:57.958751,Starbucks,Coffee,-6.31,-29452.44,debit,Credit Card,,Seattle,XXXX-XXXX-XXXX-1234,T10912,GBP,,0.82
2025-04-13 12:21:57.958751,Airbnb,Travel,348.48,-29103.96,credit,Check,,San Francisco,XXXX-XXXX-XXXX-1234,T10913,USD,,0.75
2025-04-13 12:21:57.958751,Netflix,Entertainment,21.6,-29082.36,credit,Credit Card,,Boston,XXXX-XXXX-XXXX-1234,T10914,USD,,0.83
2025-04-13 12:21:57.958751,Apple Store,Electronics,-160.78,-29243.14,debit,Check,,Atlanta,XXXX-XXXX-XXXX-1234,T10915,USD,,0.93
2025-04-13 12:21:57.958751,Best Buy,Electronics,220.4,-29022.74,credit,Credit Card,,Atlanta,XXXX-XXXX-XXXX-1234,T10916,USD,,0.78
2025-04-14 12:21:57.958751,Best Buy,Electronics,-283.11,-29305.85,debit,Online Transfer,,New York,XXXX-XXXX-XXXX-1234,T10917,USD,,0.7
2025-04-14 12:21:57.958751,Amazon,Shopping,-111.09,-29416.94,debit,Cash,,New York,XXXX-XXXX-XXXX-1234,T10918,USD,,0.9
2025-04-15 12:21:57.958751,Starbucks,Coffee,-3.97,-29420.91,debit,Cash,,Los Angeles,XXXX-XXXX-XXXX-1234,T10919,GBP,,0.99
2025-04-16 12:21:57.958751,Target,Shopping,-151.69,-29572.6,debit,Debit Card,,Los Angeles,XXXX-XXXX-XXXX-1234,T10920,USD,,0.88
2025-04-16 12:21:57.958751,Spotify,Entertainment,14.9,-29557.7,credit,Check,,New York,XXXX-XXXX-XXXX-1234,T10921,USD,,0.74
2025-04-17 12:21:57.958751,Water Utility,Utilities,73.64,-29484.06,credit,Check,,Seattle,XXXX-XXXX-XXXX-1234,T10922,EUR,,0.8
2025-04-17 12:21:57.958751,Water Utility,Utilities,-31.1,-29515.16,debit,Check,,Chicago,XXXX-XXXX-XXXX-1234,T10923,USD,,0.96
2025-04-17 12:21:57.958751,City Electric,Utilities,-54.23,-29569.39,debit,Online Transfer,,Atlanta,XXXX-XXXX-XXXX-1234,T10924,GBP,,0.77
2025-04-18 12:21:57.958751,Airbnb,Travel,-496.31,-30065.7,debit,Check,,San Francisco,XXXX-XXXX-XXXX-1234,T10925,GBP,,0.88
2025-04-18 12:21:57.958751,Best Buy,Electronics,-7.23,-30072.93,debit,Cash,,Atlanta,XXXX-XXXX-XXXX-1234,T10926,EUR,,0.82
2025-04-22 12:21:57.958751,Airbnb,Travel,-157.21,-30230.14,debit,Online Transfer,,Miami,XXXX-XXXX-XXXX-1234,T10927,EUR,,0.76
2025-04-23 12:21:57.958751,City Electric,Utilities,-91.47,-30321.61,debit,Credit Card,,Houston,XXXX-XXXX-XXXX-1234,T10928,USD,,0.94
2025-04-23 12:21:57.958751,Costco,Groceries,-6.12,-30327.73,debit,Check,,Boston,XXXX-XXXX-XXXX-1234,T10929,GBP,,0.92
2025-04-23 12:21:57.958751,Airbnb,Travel,-223.4,-30551.13,debit,Check,,Chicago,XXXX-XXXX-XXXX-1234,T10930,USD,,0.9
2025-04-23 12:21:57.958751,CVS Pharmacy,Health,-54.97,-30606.1,debit,Credit Card,,San Francisco,XXXX-XXXX-XXXX-1234,T10931,EUR,,0.77
2025-04-23 12:21:57.958751,Shell Gas,Fuel,-80.86,-30686.96,debit,Check,,Miami,XXXX-XXXX-XXXX-1234,T10932,GBP,,0.73
2025-04-25 12:21:57.958751,Starbucks,Coffee,6.44,-30680.52,credit,Credit Card,,Los Angeles,XXXX-XXXX-XXXX-1234,T10933,GBP,,0.87
2025-04-25 12:21:57.958751,Starbucks,Coffee,-2.68,-30683.2,debit,Online Transfer,,San Francisco,XXXX-XXXX-XXXX-1234,T10934,EUR,,0.87
2025-04-25 12:21:57.958751,Local Bookstore,Shopping,30.8,-30652.4,refund,Cash,,New York,XXXX-XXXX-XXXX-1234,T10935,USD,,0.76
2025-04-26 12:21:57.958751,Delta Airlines,Travel,-321.74,-30974.14,debit,Credit Card,,Atlanta,XXXX-XXXX-XXXX-1234,T10936,GBP,,0.72
2025-04-26 12:21:57.958751,CVS Pharmacy,Health,44.95,-30929.19,credit,Debit Card,,San Francisco,XXXX-XXXX-XXXX-1234,T10937,USD,,0.72
2025-04-26 12:21:57.958751,Delta Airlines,Travel,527.21,-30401.98,credit,Credit Card,,Houston,XXXX-XXXX-XXXX-1234,T10938,GBP,,1.0
2025-04-27 12:21:57.958751,Apple Store,Electronics,-297.08,-30699.06,debit,Check,,Denver,XXXX-XXXX-XXXX-1234,T10939,USD,,0.94
2025-04-28 12:21:57.958751,Whole Foods,Groceries,-52.1,-30751.16,debit,Online Transfer,,Los Angeles,XXXX-XXXX-XXXX-1234,T10940,USD,,0.98
2025-04-29 12:21:57.958751,Amazon,Shopping,109.94,-30641.22,credit,Online Transfer,,Boston,XXXX-XXXX-XXXX-1234,T10941,USD,,0.76
2025-04-30 12:21:57.958751,Water Utility,Utilities,-188.05,-30829.27,debit,Credit Card,,Boston,XXXX-XXXX-XXXX-1234,T10942,USD,,0.99
2025-04-30 12:21:57.958751,Netflix,Entertainment,-19.7,-30848.97,debit,Cash,,San Francisco,XXXX-XXXX-XXXX-1234,T10943,EUR,,0.74
2025-05-01 12:21:57.958751,Whole Foods,Groceries,-33.28,-30882.25,debit,Debit Card,,Denver,XXXX-XXXX-XXXX-1234,T10944,USD,,0.85
2025-05-01 12:21:57.958751,Starbucks,Coffee,-4.44,-30886.69,debit,Online Transfer,,Atlanta,XXXX-XXXX-XXXX-1234,T10945,USD,,0.95
2025-05-02 12:21:57.958751,Whole Foods,Groceries,-28.06,-30914.75,debit,Check,,Miami,XXXX-XXXX-XXXX-1234,T10946,USD,,0.8
2025-05-02 12:21:57.958751,Delta Airlines,Travel,-89.32,-31004.07,transfer,Check,,Chicago,XXXX-XXXX-XXXX-1234,T10947,EUR,,0.83
2025-05-03 12:21:57.958751,McDonald's,Dining,-5.42,-31009.49,debit,Cash,,Atlanta,XXXX-XXXX-XXXX-1234,T10948,USD,,0.74
2025-05-03 12:21:57.958751,Whole Foods,Groceries,-32.21,-31041.7,debit,Online Transfer,,Miami,XXXX-XXXX-XXXX-1234,T10949,USD,,0.74
2025-05-03 12:21:57.958751,McDonald's,Dining,-38.08,-31079.78,transfer,Credit Card,,Chicago,XXXX-XXXX-XXXX-1234,T10950,USD,,0.89
2025-05-03 12:21:57.958751,Whole Foods,Groceries,-28.8,-31108.58,debit,Check,,Denver,XXXX-XXXX-XXXX-1234,T10951,USD,,0.9
2025-05-04 12:21:57.958751,Target,Shopping,41.52,-31067.06,refund,Cash,,Chicago,XXXX-XXXX-XXXX-1234,T10952,USD,,0.93
2025-05-06 12:21:57.958751,Shell Gas,Fuel,-30.93,-31097.99,debit,Online Transfer,,Atlanta,XXXX-XXXX-XXXX-1234,T10953,USD,,0.87
2025-05-07 12:21:57.958751,Amazon,Shopping,-10.22,-31108.21,debit,Online Transfer,,Houston,XXXX-XXXX-XXXX-1234,T10954,USD,,0.89
2025-05-08 12:21:57.958751,Netflix,Entertainment,16.51,-31091.7,credit,Online Transfer,,San Francisco,XXXX-XXXX-XXXX-1234,T10955,GBP,,0.7
2025-05-09 12:21:57.958751,CVS Pharmacy,Health,-47.82,-31139.52,debit,Online Transfer,,Miami,XXXX-XXXX-XXXX-1234,T10956,EUR,,0.75
2025-05-09 12:21:57.958751,Shell Gas,Fuel,32.71,-31106.81,credit,Online Transfer,,Houston,XXXX-XXXX-XXXX-1234,T10957,USD,,1.0
2025-05-10 12:21:57.958751,Netflix,Entertainment,-15.24,-31122.05,fee,Check,,Miami,XXXX-XXXX-XXXX-1234,T10958,GBP,,0.72
2025-05-10 12:21:57.958751,Local Bookstore,Shopping,134.63,-30987.42,credit,Cash,,San Francisco,XXXX-XXXX-XXXX-1234,T10959,USD,,0.9
2025-05-10 12:21:57.958751,Netflix,Entertainment,-9.49,-30996.91,debit,Online Transfer,,Seattle,XXXX-XXXX-XXXX-1234,T10960,USD,,0.75
2025-05-10 12:21:57.958751,Amazon,Shopping,115.75,-30881.16,credit,Debit Card,,Chicago,XXXX-XXXX-XXXX-1234,T10961,USD,,0.92
2025-05-11 12:21:57.958751,Water Utility,Utilities,-134.94,-31016.1,debit,Debit Card,,Denver,XXXX-XXXX-XXXX-1234,T10962,USD,,0.91
2025-05-11 12:21:57.958751,McDonald's,Dining,-27.34,-31043.44,debit,Cash,,Seattle,XXXX-XXXX-XXXX-1234,T10963,USD,,0.77
2025-05-12 12:21:57.958751,Whole Foods,Groceries,60.13,-30983.31,credit,Credit Card,,Seattle,XXXX-XXXX-XXXX-1234,T10964,USD,,0.78
2025-05-13 12:21:57.958751,Local Bookstore,Shopping,-88.12,-31071.43,debit,Credit Card,,Boston,XXXX-XXXX-XXXX-1234,T10965,USD,,0.9
2025-05-14 12:21:57.958751,McDonald's,Dining,24.46,-31046.97,credit,Credit Card,,New York,XXXX-XXXX-XXXX-1234,T10966,EUR,,0.82
2025-05-15 12:21:57.958751,Target,Shopping,104.65,-30942.32,credit,Debit Card,,Atlanta,XXXX-XXXX-XXXX-1234,T10967,USD,,0.76
2025-05-15 12:21:57.958751,Starbucks,Coffee,2.84,-30939.48,credit,Credit Card,,Houston,XXXX-XXXX-XXXX-1234,T10968,USD,,0.92
2025-05-15 12:21:57.958751,Uber,Transport,-50.53,-30990.01,debit,Check,,Houston,XXXX-XXXX-XXXX-1234,T10969,USD,,0.75
2025-05-17 12:21:57.958751,Best Buy,Electronics,249.32,-30740.69,credit,Online Transfer,,Houston,XXXX-XXXX-XXXX-1234,T10970,USD,,0.96
2025-05-20 12:21:57.958751,Starbucks,Coffee,-6.0,-30746.69,debit,Debit Card,,Houston,XXXX-XXXX-XXXX-1234,T10971,USD,,0.85
2025-05-20 12:21:57.958751,Costco,Groceries,59.13,-30687.56,credit,Cash,,Atlanta,XXXX-XXXX-XXXX-1234,T10972,USD,,0.73
2025-05-21 12:21:57.958751,Uber,Transport,-15.81,-30703.37,debit,Cash,,Seattle,XXXX-XXXX-XXXX-1234,T10973,EUR,,0.91
2025-05-21 12:21:57.958751,Best Buy,Electronics,-181.41,-30884.78,debit,Online Transfer,,Atlanta,XXXX-XXXX-XXXX-1234,T10974,USD,,0.86
2025-05-21 12:21:57.958751,Local Bookstore,Shopping,-20.03,-30904.81,debit,Debit Card,,Houston,XXXX-XXXX-XXXX-1234,T10975,USD,,0.79
2025-05-22 12:21:57.958751,Starbucks,Coffee,-10.69,-30915.5,debit,Credit Card,,New York,XXXX-XXXX-XXXX-1234,T10976,USD,,0.83
2025-05-25 12:21:57.958751,City Electric,Utilities,-28.71,-30944.21,debit,Credit Card,,Los Angeles,XXXX-XXXX-XXXX-1234,T10977,USD,,0.79
2025-05-25 12:21:57.958751,City Electric,Utilities,66.78,-30877.43,credit,Check,,San Francisco,XXXX-XXXX-XXXX-1234,T10978,USD,,0.78
2025-05-25 12:21:57.958751,Walmart,Groceries,-38.99,-30916.42,debit,Check,,Houston,XXXX-XXXX-XXXX-1234,T10979,USD,,0.75
2025-05-26 12:21:57.958751,Costco,Groceries,-82.2,-30998.62,debit,Credit Card,,Denver,XXXX-XXXX-XXXX-1234,T10980,USD,,0.81
2025-05-28 12:21:57.958751,Netflix,Entertainment,-15.11,-31013.73,debit,Cash,,Los Angeles,XXXX-XXXX-XXXX-1234,T10981,USD,,0.78
2025-05-29 12:21:57.958751,Target,Shopping,-38.19,-31051.92,debit,Cash,,Atlanta,XXXX-XXXX-XXXX-1234,T10982,USD,,0.91
2025-05-30 12:21:57.958751,Walmart,Groceries,-81.36,-31133.28,debit,Check,,Denver,XXXX-XXXX-XXXX-1234,T10983,USD,,0.91
2025-05-31 12:21:57.958751,Airbnb,Travel,-409.65,-31542.93,debit,Online Transfer,,Denver,XXXX-XXXX-XXXX-1234,T10984,USD,,0.85
2025-05-31 12:21:57.958751,CVS Pharmacy,Health,-44.42,-31587.35,debit,Credit Card,,Miami,XXXX-XXXX-XXXX-1234,T10985,USD,,0.93
2025-06-04 12:21:57.958751,CVS Pharmacy,Health,-47.53,-31634.88,debit,Check,,Denver,XXXX-XXXX-XXXX-1234,T10986,USD,,0.95
2025-06-04 12:21:57.958751,Spotify,Entertainment,-32.96,-31667.84,debit,Check,,Houston,XXXX-XXXX-XXXX-1234,T10987,USD,,0.87
2025-06-05 12:21:57.958751,Amazon,Shopping,-209.25,-31877.09,debit,Credit Card,,Miami,XXXX-XXXX-XXXX-1234,T10988,USD,,0.89
2025-06-06 12:21:57.958751,CVS Pharmacy,Health,-22.98,-31900.07,debit,Credit Card,,Boston,XXXX-XXXX-XXXX-1234,T10989,USD,,0.78
2025-06-06 12:21:57.958751,Whole Foods,Groceries,84.36,-31815.71,credit,Cash,,Seattle,XXXX-XXXX-XXXX-1234,T10990,USD,,0.97
2025-06-07 12:21:57.958751,Walmart,Groceries,65.75,-31749.96,credit,Online Transfer,,Denver,XXXX-XXXX-XXXX-1234,T10991,USD,,0.71
2025-06-07 12:21:57.958751,Airbnb,Travel,-374.86,-32124.82,debit,Online Transfer,,New York,XXXX-XXXX-XXXX-1234,T10992,EUR,,0.8
2025-06-07 12:21:57.958751,Delta Airlines,Travel,48.46,-32076.36,refund,Credit Card,,San Francisco,XXXX-XXXX-XXXX-1234,T10993,USD,,0.92
2025-06-08 12:21:57.958751,Amazon,Shopping,-91.48,-32167.84,debit,Debit Card,,Denver,XXXX-XXXX-XXXX-1234,T10994,EUR,,0.72
2025-06-09 12:21:57.958751,Netflix,Entertainment,-8.9,-32176.74,debit,Check,,Boston,XXXX-XXXX-XXXX-1234,T10995,USD,,0.75
2025-06-09 12:21:57.958751,Costco,Groceries,33.28,-32143.46,refund,Check,,Chicago,XXXX-XXXX-XXXX-1234,T10996,USD,,0.88
2025-06-10 12:21:57.958751,Apple Store,Electronics,-307.11,-32450.57,debit,Credit Card,,Atlanta,XXXX-XXXX-XXXX-1234,T10997,USD,,0.87
2025-06-10 12:21:57.958751,Amazon,Shopping,247.92,-32202.65,transfer,Debit Card,,Atlanta,XXXX-XXXX-XXXX-1234,T10998,USD,,0.92
2025-06-10 12:21:57.958751,Delta Airlines,Travel,-27.22,-32229.87,debit,Cash,,Boston,XXXX-XXXX-XXXX-1234,T10999,USD,,0.94
